5332 6738
1437 823 1485 896 14

631 1082 692 1156 aab
718 1079 856 1156 Nerone
882 1093 1087 1178 bosporum,
1123 1079 1245 1178 quibas
1269 1080 1393 1156 inedia
1414 1105 1478 1178 pro
1501 1081 1679 1179 'sapientia
1695 1081 1779 1180 suit.
1833 1079 1894 1154 Ea
1920 1085 2021 1156 enim
2048 1103 2146 1177 quae
2178 1103 2292 1176 prae-

632 1217 740 1286 terea
764 1208 908 1285 tribuni
935 1208 1109 1308 agebant,
1137 1209 1256 1284 veluti
1280 1213 1479 1308 regionum
1505 1210 1612 1285 urbIs
1626 1210 1812 1309 quaedam
1834 1209 2124 1306 administratio,
2150 1206 2292 1286 enatae

632 1344 785 1415 nomine
812 1364 836 1413 a
862 1339 995 1414 Tacito
1024 1338 1405 1437 comprehenduntur.
2214 1405 2215 1408 ,

735 1469 921 1544 Extremo
936 1468 1100 1544 Neronis
1122 1493 1220 1543 anno
1236 1469 1294 1544 68.
1321 1474 1561 1567 praetura
1585 1470 1742 1544 functus
1770 1476 1840 1568 est,
1868 1473 1977 1543 euius
2004 1467 2095 1542 idern
2120 1466 2292 1546 nomam

633 1601 755 1674 fuisse
781 1598 962 1698 traditur,
995 1623 1102 1698 aeqreo
1128 1598 1218 1671 enim
1242 1597 1330 1672 iana
1355 1596 1456 1672 dictio
1481 1598 1664 1672 obvenerat.
1717 1595 1925 1688 Quaeritur
1950 1601 2087 1696 igitur,
2124 1595 2215 1694 quid
2250 1600 2290 1671 in

634 1735 815 1827 praetura
840 1725 1023 1826 Agricola
1049 1732 1175 1826 egisse
1201 1727 1396 1827 vtdeatur,
1432 1753 1521 1800 nam
1548 1726 1700 1826 aliquod
1734 1726 1871 1800 saltem
1908 1751 2048 1801 munus
2083 1729 2290 1823 magistra-

633 1857 736 1931 tibus
764 1857 925 1955 singulis
953 1833 1179 1931 attributum
1208 1882 1309 1958 esse,
1345 1882 1421 1931 non
1457 1855 1643 1954 estquod
1675 1855 1835 1930 dubites.
1876 1853 1985 1946 Quae
2016 1859 2189 1952 quaestio
2217 1856 2290 1928 etsi

634 2010 773 2086 magna
798 1986 864 2059 illa
891 2010 967 2083 qua
993 1990 1114 2085 primo
1142 2010 1176 2084 p.
1197 1984 1262 2059 Ch.
1291 1985 1445 2060 saeculo
1471 1983 1682 2059 fluctuabat
1708 1990 1927 2083 praetorum
1954 2007 2136 2058 numerus
2162 1985 2290 2056 varie-

633 2121 713 2189 tate
741 2113 968 2188 difficillima
1002 2113 1190 2211 redditur,
1228 2123 1357 2188 tamen
1393 2113 1431 2187 id
1468 2119 1598 2188 statim
1634 2121 1808 2213 apparet,
1850 2138 1916 2188 eos
1949 2117 2015 2211 qui
2048 2135 2206 2186 numero
2241 2111 2288 2186 ab

633 2243 812 2342 Augusto
841 2247 1048 2318 constituto
1075 2243 1310 2318 addebantur
1337 2251 1532 2342 praetores
1560 2243 1608 2318 ad
1642 2247 1735 2319 iuris
1769 2243 1973 2319 dictionem
2008 2251 2123 2342 atque
2154 2243 2290 2316 aerarii

634 2372 1000 2448 administrationem
1027 2373 1230 2472 plerosque
1258 2396 1389 2448 omnes
1416 2377 1656 2472 pertinuisse.
1690 2371 1895 2472 Augustus
1923 2379 2051 2447 autem
2078 2395 2166 2446 eum
2193 2371 2290 2446 duo·

634 2501 756 2576 decim
783 2508 979 2599 praetores
1007 2527 1039 2575 a.
1067 2502 1125 2577 23.
1153 2499 1265 2576 aCh.
1291 2505 1529 2600 institueret,
1556 2500 1653 2575 duos
1681 2506 1826 2576 aerario
1853 2505 2075 2600 praeposuit
2102 2500 2167 2600 (cf.
2180 2499 2290 2574 Mar-

634 2629 781 2729 quardt.
808 2630 865 2730 II,
894 2633 934 2729 3,
971 2656 1006 2729 p.
1034 2631 1106 2704 261
1136 2656 1192 2729 sq.
1227 2630 1301 2731 III,
1329 2632 1371 2731 2,
1406 2655 1440 2729 p.
1467 2631 1579 2730 220),
1615 2628 1717 2727 quod
1755 2653 1871 2732 quum
1906 2629 2105 2704 aNerone
2141 2628 2289 2704 duobus

633 2759 837 2858 praefectis
858 2772 1026 2858 prodam
1049 2760 1237 2863 perfunctas
1262 2763 1507 2836 commissum
1534 2765 1638 2834 esset
1664 2758 1730 2857 (cf.
1756 2758 1843 2832 Tac.
1870 2775 1955 2832 ann.
1981 2757 2098 2857 XIII,
2125 2757 2213 2858 29),
2240 2757 2289 2831 ab

632 2889 814 2988 Agricola
840 2916 888 2964 ne
915 2896 1041 2992 potuit
1069 2890 1221 2990 quidem
1248 2891 1512 2964 administrari.
1566 2889 1729 2965 Omissis
1763 2896 1892 2964 autem
1927 2889 2004 2962 illis
2040 2888 2188 2964 duobus
2222 2891 2288 2986 qui

632 3020 770 3117 reliqui
785 3027 875 3095 sunt
894 3021 1026 3096 decem
1048 3021 1095 3094 ab
1110 3021 1290 3118 Augusto
1302 3023 1440 3118 partim
1462 3024 1556 3095 iuris
1576 3020 1722 3096 dicendi
1735 3019 1917 3094 facultate
1941 3019 2134 3117 praeditos
2148 3022 2288 3118 partim

632 3146 786 3222 urbanis
807 3147 1028 3248 regionibus
1055 3150 1271 3246 praefectos
1299 3173 1383 3224 esse
1399 3156 1567 3223 constat:
1595 3157 1711 3247 atque
1732 3149 1807 3223 illis
1822 3148 1976 3246 quidem
1999 3157 2149 3247 praeter
2170 3147 2288 3224 urba-

631 3302 718 3349 nam
739 3287 778 3351 et
796 3280 896 3352 inter
909 3282 1131 3377 peregriaos
1153 3285 1371 3376 praeturam
1393 3305 1437 3352 ac
1456 3281 1621 3352 fortasse
1640 3278 1847 3352 hastariam
1863 3280 1892 3377 ¹)
1921 3277 2106 3376 quidquId
2127 3302 2147 3351 e
2167 3301 2287 3374 quae-

632 3404 821 3480 stionibus
840 3407 1027 3505 reliquum
1056 3413 1137 3480 erat
1164 3407 1229 3506 (cf.
1252 3407 1383 3499 Walter,
1401 3411 1492 3482 rbrn.
1506 3407 1782 3506 Rechtsgesch.
1804 3407 1942 3507 5199),
1970 3406 2196 3482 attributum
2211 3412 2286 3480 est:

631 3535 693 3611 his
720 3560 741 3628 e
770 3536 1047 3635 quattordecim
1075 3535 1179 3610 urbis
1206 3537 1426 3635 regionibus
1454 3537 1598 3634 aliquot
1626 3543 1860 3638 commissas,
1886 3537 2053 3636 reIIquas
2080 3546 2209 3612 autern
2239 3536 2286 3610 ab

631 3663 818 3740 aedilibus
845 3673 883 3740 ct
909 3665 1073 3741 tribunis
1100 3673 1250 3741 curatas
1279 3691 1364 3741 esse
1386 3666 1594 3742 Suetonius
1616 3666 1751 3742 Octav.
1773 3669 1831 3744 30.
1859 3678 1897 3742 et
1919 3668 1993 3741 Dio
2015 3666 2120 3742 Cass.
2142 3666 2225 3766 LV,
2253 3667 2286 3741 8·

630 3796 852 3870 retulerunt.
904 3795 1001 3870 Cum
1035 3800 1152 3896 igitur
1186 3795 1251 3870 illa
1278 3802 1403 3870 aetate
1430 3796 1561 3872 decem
1596 3803 1810 3896 praetores,
1851 3795 1982 3870 decem
2014 3796 2173 3895 tribuni,
2216 3819 2287 3879 sex

631 3925 773 3999 aediles
800 3929 1005 4023 quotannis
1032 3933 1263 4026 crearentur,
1291 3927 1576 4024 quatuordecIm
1598 3931 1774 4027 regiones
1797 3931 1851 4000 ita
1871 3927 2095 4001 distributae
2107 3923 2287 3999 videntur

631 4077 716 4128 esse
742 4061 787 4128 ut
814 4052 975 4152 aediles,
1012 4061 1162 4152 praeter
1190 4053 1285 4128 duos
1313 4054 1489 4130 Cereales
1518 4081 1682 4154 quorum
1712 4082 1804 4131 cura
1830 4056 1878 4130 ad
1905 4061 2124 4130 universam
2150 4054 2285 4129 urbem

631 4181 847 4280 spectabat,
885 4205 1017 4256 omnes
1052 4183 1212 4281 singulis
1239 4184 1459 4282 regionibus
1486 4193 1728 4285 praeessent,
1766 4186 1868 4285 quod
1903 4190 2151 4284 magistratus
2186 4189 2283 4258 ratio

629 4309 794 4410 ferebat,
834 4312 1003 4408 reliquae
1045 4312 1175 4387 decern
1212 4318 1345 4412 aequis
1384 4315 1623 4414 portionibus
1657 4321 1758 4390 inter
1796 4323 1992 4416 praetores
2034 4313 2284 4412 tribunosque

630 4439 967 4541 distribuerentur,
1005 4465 1080 4539 quo
1108 4443 1253 4518 factum
1288 4451 1347 4518 est
1373 4451 1419 4518 ut
1445 4470 1493 4519 ex
1520 4453 1684 4544 utroque
1719 4447 1880 4544 collegio
1915 4444 2070 4519 dimidia
2104 4469 2192 4543 pars
2229 4447 2284 4517 rei

629 4569 820 4669 publicae,
861 4571 982 4646 altera
1018 4570 1103 4646 urbi
1138 4581 1303 4648 vacaret.
1357 4572 1470 4664 Quod
1510 4584 1638 4650 autem
1679 4579 1813 4649 sortito
1855 4578 1994 4648 summi
2034 4579 2283 4672 magistratus

629 4699 760 4772 urbem
794 4704 895 4775 inter
936 4725 977 4776 se
1014 4702 1192 4777 divisisse
1229 4701 1423 4800 dicuntur,
1472 4703 1510 4778 id
1545 4703 1709 4778 dubitari
1743 4708 1867 4803 possit
1901 4712 2030 4780 utrum
2067 4703 2116 4778 ad
2150 4727 2284 4778 omnes

1228 4911 1795 4920 ——.-—-.-——-——·—--——.--——...
1834 4913 1913 4918 --—-..
1939 4913 1994 4918 ...-
2010 4913 2053 4918 --υ
2093 4913 2281 4921 .—-..—.

737 5043 762 5124 ¹)
786 5043 837 5108 De
864 5046 1076 5130 inscriptione
1107 5047 1190 5110 enim
1213 5065 1298 5128 quae
1328 5045 1370 5110 ab
1393 5044 1549 5110 Henneno
1573 5049 1666 5112 6453.
1696 5047 1785 5112 edita
1813 5059 1881 5128 est,
1916 5047 1995 5132 quid
2026 5049 2130 5113 dicam
2159 5051 2280 5114 nescio.

626 5153 721 5232 Quae
741 5155 804 5218 nisi
826 5153 1009 5242 Borghesio
1030 5155 1226 5241 probaretur
1249 5155 1367 5238 (annal.
1391 5155 1465 5220 dell.
1488 5160 1562 5221 inst.
1584 5157 1721 5238 XVIII,
1744 5181 1775 5244 p.
1799 5161 1892 5242 317),
1923 5181 1984 5244 pro
2007 5159 2092 5225 falsa
2114 5160 2281 5242 haberem,

626 5285 712 5328 nuno
723 5263 800 5327 mihi
818 5265 1067 5331 utMommseno
1085 5277 1271 5351 suspectam
1289 5276 1347 5332 aut
1361 5277 1449 5333 certe
1461 5269 1662 5335 utHenacno
1681 5294 1711 5356 p.
1724 5273 1795 5336 512.
1808 5273 2036 5358 interpolatam
2049 5273 2153 5339 videri
2164 5274 2280 5339 fateor.

627 5373 1679 5464 CeterumdefendituraGrotelendioinannal.RhenXVI,125.
1691 5383 1852 5468 Reliquae
1863 5388 2054 5470 posterioris
2066 5387 2184 5451 aetatis
2195 5395 2280 5452 sunt
