<?xml version="1.0" encoding="UTF-8"?>
<!DOCTYPE html PUBLIC "-//W3C//DTD XHTML 1.0 Transitional//EN"
    "http://www.w3.org/TR/xhtml1/DTD/xhtml1-transitional.dtd">
<html xmlns="http://www.w3.org/1999/xhtml" xml:lang="en" lang="en">
 <head>
  <title>
</title>
<meta http-equiv="Content-Type" content="text/html;charset=utf-8" />
  <meta name='ocr-system' content='tesseract 3.04.00' />
  <meta name='ocr-capabilities' content='ocr_page ocr_carea ocr_par ocr_line ocrx_word'/>
</head>
<body>
  <div class='ocr_page' id='page_1' title='image "./devitaethonorib00urligoog_0028.png"; bbox 0 0 5332 6738; ppageno 0'>
   <div class='ocr_carea' id='block_1_1' title="bbox 1438 865 1487 940">
    <p class='ocr_par' dir='ltr' id='par_1_1' title="bbox 1438 865 1487 940">
     <span class='ocr_line' id='line_1_1' title="bbox 1438 865 1487 940; baseline -0.041 0"><span class='ocrx_word' id='word_1_1' title='bbox 1438 865 1487 940; x_wconf 70' lang='lat'><strong>24</strong></span> 
     </span>
    </p>
   </div>
   <div class='ocr_carea' id='block_1_2' title="bbox 494 1119 2292 1222">
    <p class='ocr_par' dir='ltr' id='par_1_2' title="bbox 494 1119 2292 1222">
     <span class='ocr_line' id='line_1_2' title="bbox 494 1119 2292 1222; baseline -0.001 -26"><span class='ocrx_word' id='word_1_2' title='bbox 494 1171 499 1180; x_wconf 91' lang='lat'>-</span> <span class='ocrx_word' id='word_1_3' title='bbox 637 1119 816 1196; x_wconf 63' lang='lat' dir='ltr'><strong>modulae</strong></span> <span class='ocrx_word' id='word_1_4' title='bbox 836 1121 1050 1222; x_wconf 73' lang='lat' dir='ltr'><strong>copulavit,</strong></span> <span class='ocrx_word' id='word_1_5' title='bbox 1078 1125 1151 1197; x_wconf 86' lang='lat' dir='ltr'><strong>etsi</strong></span> <span class='ocrx_word' id='word_1_6' title='bbox 1177 1147 1254 1196; x_wconf 91' lang='lat' dir='ltr'><strong>non</strong></span> <span class='ocrx_word' id='word_1_7' title='bbox 1280 1123 1409 1220; x_wconf 86' lang='lat' dir='ltr'><strong>plures</strong></span> <span class='ocrx_word' id='word_1_8' title='bbox 1429 1123 1598 1198; x_wconf 90' lang='lat' dir='ltr'><strong>coloniae</strong></span> <span class='ocrx_word' id='word_1_9' title='bbox 1627 1128 1666 1196; x_wconf 91' lang='lat' dir='ltr'><strong>et</strong></span> <span class='ocrx_word' id='word_1_10' title='bbox 1690 1147 1791 1198; x_wconf 90' lang='lat' dir='ltr'><strong>unus</strong></span> <span class='ocrx_word' id='word_1_11' title='bbox 1811 1125 2009 1197; x_wconf 85' lang='lat' dir='ltr'><strong>exercitus·</strong></span> <span class='ocrx_word' id='word_1_12' title='bbox 2029 1126 2067 1196; x_wconf 91' lang='lat' dir='ltr'><strong>in</strong></span> <span class='ocrx_word' id='word_1_13' title='bbox 2096 1125 2292 1220; x_wconf 89' lang='lat' dir='ltr'><strong>provincia</strong></span> 
     </span>
    </p>
   </div>
   <div class='ocr_carea' id='block_1_3' title="bbox 634 1248 2296 4707">
    <p class='ocr_par' dir='ltr' id='par_1_3' title="bbox 637 1248 2291 1480">
     <span class='ocr_line' id='line_1_3' title="bbox 637 1248 2291 1350; baseline -0.002 -24"><span class='ocrx_word' id='word_1_14' title='bbox 637 1251 804 1328; x_wconf 85' lang='lat' dir='ltr'><strong>fuerunt.</strong></span> <span class='ocrx_word' id='word_1_15' title='bbox 847 1249 971 1341; x_wconf 82' lang='lat' dir='ltr'><strong>Quam</strong></span> <span class='ocrx_word' id='word_1_16' title='bbox 998 1275 1242 1326; x_wconf 89' lang='lat' dir='ltr'><strong>numerorum</strong></span> <span class='ocrx_word' id='word_1_17' title='bbox 1269 1253 1461 1328; x_wconf 76' lang='lat' dir='ltr'><strong>licentiam</strong></span> <span class='ocrx_word' id='word_1_18' title='bbox 1487 1259 1665 1328; x_wconf 90' lang='lat' dir='ltr'><strong>accurate</strong></span> <span class='ocrx_word' id='word_1_19' title='bbox 1691 1255 1871 1350; x_wconf 77' lang='lat' dir='ltr'><strong>exposuit</strong></span> <span class='ocrx_word' id='word_1_20' title='bbox 1896 1249 2041 1324; x_wconf 73' lang='lat' dir='ltr'><strong>Rutilius</strong></span> <span class='ocrx_word' id='word_1_21' title='bbox 2066 1254 2104 1324; x_wconf 90' lang='lat' dir='ltr'><strong>in</strong></span> <span class='ocrx_word' id='word_1_22' title='bbox 2132 1273 2214 1322; x_wconf 85' lang='lat' dir='ltr'><strong>exc.</strong></span> <span class='ocrx_word' id='word_1_23' title='bbox 2242 1248 2291 1323; x_wconf 85' lang='lat' dir='ltr'><strong>ad</strong></span> 
     </span>
     <span class='ocr_line' id='line_1_4' title="bbox 637 1379 1044 1480; baseline -0.007 -24"><span class='ocrx_word' id='word_1_24' title='bbox 637 1379 768 1480; x_wconf 84' lang='lat' dir='ltr'><strong>Agric.</strong></span> <span class='ocrx_word' id='word_1_25' title='bbox 796 1405 833 1478; x_wconf 88' lang='lat' dir='ltr'><strong>p.</strong></span> <span class='ocrx_word' id='word_1_26' title='bbox 862 1382 934 1460; x_wconf 78' lang='lat'><strong>109</strong></span> <span class='ocrx_word' id='word_1_27' title='bbox 963 1404 1044 1479; x_wconf 87' lang='lat' dir='ltr'><strong>sqq.</strong></span> 
     </span>
    </p>

    <p class='ocr_par' dir='ltr' id='par_1_4' title="bbox 634 1505 2295 3543">
     <span class='ocr_line' id='line_1_5' title="bbox 740 1505 2290 1607; baseline -0.003 -23"><span class='ocrx_word' id='word_1_28' title='bbox 740 1509 860 1584; x_wconf 71' lang='lat' dir='ltr'><strong>Mum</strong></span> <span class='ocrx_word' id='word_1_29' title='bbox 885 1508 1065 1583; x_wconf 78' lang='lat' dir='ltr'><strong>triennium</strong></span> <span class='ocrx_word' id='word_1_30' title='bbox 1090 1508 1127 1583; x_wconf 82' lang='lat' dir='ltr'><strong>m</strong></span> <span class='ocrx_word' id='word_1_31' title='bbox 1153 1533 1194 1583; x_wconf 84' lang='lat' dir='ltr'><strong>ca</strong></span> <span class='ocrx_word' id='word_1_32' title='bbox 1219 1509 1381 1607; x_wconf 67' lang='lat' dir='ltr'><strong>leporium</strong></span> <span class='ocrx_word' id='word_1_33' title='bbox 1406 1507 1555 1582; x_wconf 70' lang='lat' dir='ltr'><strong>damma</strong></span> <span class='ocrx_word' id='word_1_34' title='bbox 1580 1533 1623 1584; x_wconf 88' lang='lat' dir='ltr'><strong>oc</strong></span> <span class='ocrx_word' id='word_1_35' title='bbox 1647 1508 1760 1584; x_wconf 66' lang='lat' dir='ltr'><strong>mamm</strong></span> <span class='ocrx_word' id='word_1_36' title='bbox 1785 1507 1834 1582; x_wconf 83' lang='lat' dir='ltr'><strong>ud</strong></span> <span class='ocrx_word' id='word_1_37' title='bbox 1859 1531 1954 1605; x_wconf 81' lang='lat' dir='ltr'><strong>spara</strong></span> <span class='ocrx_word' id='word_1_38' title='bbox 1980 1505 2172 1582; x_wconf 63' lang='lat' dir='ltr'><strong>muudum</strong></span> <span class='ocrx_word' id='word_1_39' title='bbox 2198 1529 2290 1580; x_wconf 75' lang='lat' dir='ltr'><strong>retro·</strong></span> 
     </span>
     <span class='ocr_line' id='line_1_6' title="bbox 638 1635 2293 1738; baseline -0.004 -24"><span class='ocrx_word' id='word_1_40' title='bbox 638 1651 733 1714; x_wconf 79' lang='lat' dir='ltr'><strong>catu</strong></span> <span class='ocrx_word' id='word_1_41' title='bbox 765 1651 836 1730; x_wconf 81' lang='lat' dir='ltr'><strong>cat,</strong></span> <span class='ocrx_word' id='word_1_42' title='bbox 884 1663 936 1720; x_wconf 86' lang='lat' dir='ltr'><strong>sc.</strong></span> <span class='ocrx_word' id='word_1_43' title='bbox 972 1646 1176 1738; x_wconf 82' lang='lat' dir='ltr'><strong>postquam</strong></span> <span class='ocrx_word' id='word_1_44' title='bbox 1210 1640 1270 1714; x_wconf 89' lang='lat' dir='ltr'><strong>die</strong></span> <span class='ocrx_word' id='word_1_45' title='bbox 1305 1638 1375 1713; x_wconf 90' lang='lat' dir='ltr'><strong>lX.</strong></span> <span class='ocrx_word' id='word_1_46' title='bbox 1410 1663 1458 1712; x_wconf 92' lang='lat' dir='ltr'><strong>m.</strong></span> <span class='ocrx_word' id='word_1_47' title='bbox 1495 1639 1659 1714; x_wconf 88' lang='lat' dir='ltr'><strong>ianuarii</strong></span> <span class='ocrx_word' id='word_1_48' title='bbox 1703 1641 1792 1712; x_wconf 89' lang='lat' dir='ltr'><strong>anni</strong></span> <span class='ocrx_word' id='word_1_49' title='bbox 1827 1639 1886 1712; x_wconf 78' lang='lat' dir='ltr'><strong>ii.</strong></span> <span class='ocrx_word' id='word_1_50' title='bbox 1931 1636 2064 1711; x_wconf 88' lang='lat' dir='ltr'><strong>consul</strong></span> <span class='ocrx_word' id='word_1_51' title='bbox 2107 1635 2293 1710; x_wconf 81' lang='lat' dir='ltr'><strong>suffectus</strong></span> 
     </span>
     <span class='ocr_line' id='line_1_7' title="bbox 639 1766 2293 1867; baseline -0.002 -26"><span class='ocrx_word' id='word_1_52' title='bbox 639 1768 798 1842; x_wconf 88' lang='lat' dir='ltr'><strong>alterius</strong></span> <span class='ocrx_word' id='word_1_53' title='bbox 832 1766 991 1844; x_wconf 91' lang='lat' dir='ltr'><strong>nundini</strong></span> <span class='ocrx_word' id='word_1_54' title='bbox 1017 1773 1057 1852; x_wconf 88' lang='lat' dir='ltr'><strong>in</strong></span> <span class='ocrx_word' id='word_1_55' title='bbox 1083 1773 1188 1844; x_wconf 90' lang='lat' dir='ltr'><strong>curia</strong></span> <span class='ocrx_word' id='word_1_56' title='bbox 1214 1767 1436 1867; x_wconf 87' lang='lat' dir='ltr'><strong>designatus</strong></span> <span class='ocrx_word' id='word_1_57' title='bbox 1464 1774 1503 1842; x_wconf 92' lang='lat' dir='ltr'><strong>et</strong></span> <span class='ocrx_word' id='word_1_58' title='bbox 1539 1773 1578 1842; x_wconf 92' lang='lat' dir='ltr'><strong>in</strong></span> <span class='ocrx_word' id='word_1_59' title='bbox 1612 1791 1745 1866; x_wconf 85' lang='lat' dir='ltr'><strong>campo</strong></span> <span class='ocrx_word' id='word_1_60' title='bbox 1777 1767 1890 1865; x_wconf 87' lang='lat' dir='ltr'><strong>paulo</strong></span> <span class='ocrx_word' id='word_1_61' title='bbox 1927 1773 2016 1864; x_wconf 91' lang='lat' dir='ltr'><strong>post</strong></span> <span class='ocrx_word' id='word_1_62' title='bbox 2049 1767 2293 1838; x_wconf 81' lang='lat' dir='ltr'><strong>renuntiatus</strong></span> 
     </span>
     <span class='ocr_line' id='line_1_8' title="bbox 639 1893 2292 1996; baseline -0.002 -25"><span class='ocrx_word' id='word_1_63' title='bbox 639 1903 700 1971; x_wconf 90' lang='lat' dir='ltr'><strong>est</strong></span> <span class='ocrx_word' id='word_1_64' title='bbox 727 1896 792 1995; x_wconf 83' lang='lat' dir='ltr'><strong>(cf.</strong></span> <span class='ocrx_word' id='word_1_65' title='bbox 817 1896 1045 1971; x_wconf 87' lang='lat' dir='ltr'><strong>Mommsen.</strong></span> <span class='ocrx_word' id='word_1_66' title='bbox 1071 1897 1094 1973; x_wconf 93' lang='lat' dir='ltr'><strong>l.</strong></span> <span class='ocrx_word' id='word_1_67' title='bbox 1122 1896 1145 1978; x_wconf 79' lang='lat' dir='ltr'><strong>l.</strong></span> <span class='ocrx_word' id='word_1_68' title='bbox 1172 1921 1208 1994; x_wconf 92' lang='lat' dir='ltr'><strong>p.</strong></span> <span class='ocrx_word' id='word_1_69' title='bbox 1237 1897 1286 1971; x_wconf 78' lang='lat'><strong>93</strong></span> <span class='ocrx_word' id='word_1_70' title='bbox 1314 1897 1411 1996; x_wconf 80' lang='lat' dir='ltr'><strong>sq),</strong></span> <span class='ocrx_word' id='word_1_71' title='bbox 1447 1901 1621 1996; x_wconf 85' lang='lat' dir='ltr'><strong>proximo</strong></span> <span class='ocrx_word' id='word_1_72' title='bbox 1655 1897 1736 1970; x_wconf 83' lang='lat' dir='ltr'><strong>fere</strong></span> <span class='ocrx_word' id='word_1_73' title='bbox 1770 1919 1900 1970; x_wconf 89' lang='lat' dir='ltr'><strong>mense</strong></span> <span class='ocrx_word' id='word_1_74' title='bbox 1933 1899 1973 1969; x_wconf 92' lang='lat' dir='ltr'><strong>in</strong></span> <span class='ocrx_word' id='word_1_75' title='bbox 2001 1893 2137 1968; x_wconf 89' lang='lat' dir='ltr'><strong>urbem</strong></span> <span class='ocrx_word' id='word_1_76' title='bbox 2169 1894 2292 1992; x_wconf 78' lang='lat' dir='ltr'><strong>rediit,</strong></span> 
     </span>
     <span class='ocr_line' id='line_1_9' title="bbox 638 2023 2292 2124; baseline -0.002 -24"><span class='ocrx_word' id='word_1_77' title='bbox 638 2049 724 2100; x_wconf 88' lang='lat' dir='ltr'><strong>curn</strong></span> <span class='ocrx_word' id='word_1_78' title='bbox 751 2026 897 2124; x_wconf 87' lang='lat' dir='ltr'><strong>aliquot</strong></span> <span class='ocrx_word' id='word_1_79' title='bbox 932 2048 1083 2100; x_wconf 89' lang='lat' dir='ltr'><strong>menses</strong></span> <span class='ocrx_word' id='word_1_80' title='bbox 1119 2024 1166 2100; x_wconf 89' lang='lat' dir='ltr'><strong>ad</strong></span> <span class='ocrx_word' id='word_1_81' title='bbox 1201 2029 1404 2100; x_wconf 82' lang='lat' dir='ltr'><strong>triennium</strong></span> <span class='ocrx_word' id='word_1_82' title='bbox 1441 2025 1634 2122; x_wconf 75' lang='lat' dir='ltr'><strong>deessent,</strong></span> <span class='ocrx_word' id='word_1_83' title='bbox 1675 2026 1849 2099; x_wconf 82' lang='lat' dir='ltr'><strong>comitante</strong></span> <span class='ocrx_word' id='word_1_84' title='bbox 1882 2023 2038 2122; x_wconf 79' lang='lat' dir='ltr'><strong>opimiom</strong></span> <span class='ocrx_word' id='word_1_85' title='bbox 2072 2023 2292 2098; x_wconf 85' lang='lat' dir='ltr'><strong>officialium</strong></span> 
     </span>
     <span class='ocr_line' id='line_1_10' title="bbox 636 2148 2293 2253; baseline -0.002 -25"><span class='ocrx_word' id='word_1_86' title='bbox 636 2152 861 2228; x_wconf 80' lang='lat' dir='ltr'><strong>Britomaiam</strong></span> <span class='ocrx_word' id='word_1_87' title='bbox 886 2152 917 2226; x_wconf 84' lang='lat' dir='ltr'><strong>ei</strong></span> <span class='ocrx_word' id='word_1_88' title='bbox 946 2152 1159 2252; x_wconf 75' lang='lat' dir='ltr'><strong>prmriacmm</strong></span> <span class='ocrx_word' id='word_1_89' title='bbox 1189 2152 1303 2227; x_wconf 83' lang='lat' dir='ltr'><strong>dori.</strong></span> <span class='ocrx_word' id='word_1_90' title='bbox 1332 2207 1340 2225; x_wconf 99' lang='lat'><strong>.</strong></span> <span class='ocrx_word' id='word_1_91' title='bbox 1369 2209 1377 2226; x_wconf 95' lang='lat'><strong>.</strong></span> <span class='ocrx_word' id='word_1_92' title='bbox 1404 2152 1486 2253; x_wconf 85' lang='lat' dir='ltr'><strong>quio</strong></span> <span class='ocrx_word' id='word_1_93' title='bbox 1514 2177 1586 2250; x_wconf 84' lang='lat' dir='ltr'><strong>por</strong></span> <span class='ocrx_word' id='word_1_94' title='bbox 1619 2153 1801 2228; x_wconf 68' lang='lat' dir='ltr'><strong>nimbata.</strong></span> <span class='ocrx_word' id='word_1_95' title='bbox 1854 2148 2012 2227; x_wconf 88' lang='lat' dir='ltr'><strong>Summa</strong></span> <span class='ocrx_word' id='word_1_96' title='bbox 2045 2156 2144 2227; x_wconf 89' lang='lat' dir='ltr'><strong>enim</strong></span> <span class='ocrx_word' id='word_1_97' title='bbox 2178 2151 2293 2227; x_wconf 92' lang='lat' dir='ltr'><strong>huius</strong></span> 
     </span>
     <span class='ocr_line' id='line_1_11' title="bbox 637 2281 2294 2384; baseline -0.004 -24"><span class='ocrx_word' id='word_1_98' title='bbox 637 2287 855 2384; x_wconf 85' lang='lat' dir='ltr'><strong>provinciae</strong></span> <span class='ocrx_word' id='word_1_99' title='bbox 883 2281 1048 2381; x_wconf 81' lang='lat' dir='ltr'><strong>dignitas</strong></span> <span class='ocrx_word' id='word_1_100' title='bbox 1068 2307 1166 2379; x_wconf 88' lang='lat' dir='ltr'><strong>quae</strong></span> <span class='ocrx_word' id='word_1_101' title='bbox 1188 2287 1254 2358; x_wconf 94' lang='lat' dir='ltr'><strong>uni</strong></span> <span class='ocrx_word' id='word_1_102' title='bbox 1271 2281 1404 2382; x_wconf 85' lang='lat' dir='ltr'><strong>Syriae</strong></span> <span class='ocrx_word' id='word_1_103' title='bbox 1432 2281 1742 2382; x_wconf 89' lang='lat' dir='ltr'><strong>posthabebatur,</strong></span> <span class='ocrx_word' id='word_1_104' title='bbox 1769 2283 1899 2357; x_wconf 90' lang='lat' dir='ltr'><strong>ordine</strong></span> <span class='ocrx_word' id='word_1_105' title='bbox 1928 2282 2161 2380; x_wconf 84' lang='lat' dir='ltr'><strong>legationum</strong></span> <span class='ocrx_word' id='word_1_106' title='bbox 2188 2303 2294 2354; x_wconf 88' lang='lat' dir='ltr'><strong>com-</strong></span> 
     </span>
     <span class='ocr_line' id='line_1_12' title="bbox 637 2409 2291 2511; baseline -0.002 -25"><span class='ocrx_word' id='word_1_107' title='bbox 637 2411 805 2510; x_wconf 86' lang='lat' dir='ltr'><strong>plurium</strong></span> <span class='ocrx_word' id='word_1_108' title='bbox 846 2409 1124 2509; x_wconf 89' lang='lat' dir='ltr'><strong>comprobatur.</strong></span> <span class='ocrx_word' id='word_1_109' title='bbox 1189 2412 1250 2486; x_wconf 89' lang='lat' dir='ltr'><strong>Ita</strong></span> <span class='ocrx_word' id='word_1_110' title='bbox 1284 2416 1322 2484; x_wconf 90' lang='lat' dir='ltr'><strong>in</strong></span> <span class='ocrx_word' id='word_1_111' title='bbox 1363 2411 1475 2485; x_wconf 91' lang='lat' dir='ltr'><strong>titulo</strong></span> <span class='ocrx_word' id='word_1_112' title='bbox 1516 2409 1618 2508; x_wconf 89' lang='lat' dir='ltr'><strong>apud</strong></span> <span class='ocrx_word' id='word_1_113' title='bbox 1657 2411 1842 2510; x_wconf 90' lang='lat' dir='ltr'><strong>Borghes.</strong></span> <span class='ocrx_word' id='word_1_114' title='bbox 1875 2410 1952 2511; x_wconf 92' lang='lat' dir='ltr'><strong>IV,</strong></span> <span class='ocrx_word' id='word_1_115' title='bbox 1993 2435 2028 2510; x_wconf 92' lang='lat' dir='ltr'><strong>p.</strong></span> <span class='ocrx_word' id='word_1_116' title='bbox 2059 2410 2143 2485; x_wconf 87' lang='grc'><strong>169.</strong></span> <span class='ocrx_word' id='word_1_117' title='bbox 2177 2409 2291 2482; x_wconf 91' lang='lat' dir='ltr'><strong>homo</strong></span> 
     </span>
     <span class='ocr_line' id='line_1_13' title="bbox 638 2537 2291 2640; baseline -0.002 -25"><span class='ocrx_word' id='word_1_118' title='bbox 638 2540 791 2640; x_wconf 89' lang='lat' dir='ltr'><strong>quidam</strong></span> <span class='ocrx_word' id='word_1_119' title='bbox 818 2545 927 2614; x_wconf 89' lang='lat' dir='ltr'><strong>cuius</strong></span> <span class='ocrx_word' id='word_1_120' title='bbox 955 2565 1093 2615; x_wconf 89' lang='lat' dir='ltr'><strong>nomen</strong></span> <span class='ocrx_word' id='word_1_121' title='bbox 1119 2545 1248 2640; x_wconf 89' lang='lat' dir='ltr'><strong>periit,</strong></span> <span class='ocrx_word' id='word_1_122' title='bbox 1276 2567 1298 2614; x_wconf 90' lang='lat' dir='ltr'><strong>a</strong></span> <span class='ocrx_word' id='word_1_123' title='bbox 1320 2537 1524 2614; x_wconf 87' lang='lat' dir='ltr'><strong>Germania</strong></span> <span class='ocrx_word' id='word_1_124' title='bbox 1550 2542 1728 2616; x_wconf 86' lang='lat' dir='ltr'><strong>inferiore</strong></span> <span class='ocrx_word' id='word_1_125' title='bbox 1754 2539 1802 2614; x_wconf 87' lang='lat' dir='ltr'><strong>ad</strong></span> <span class='ocrx_word' id='word_1_126' title='bbox 1823 2540 2071 2638; x_wconf 78' lang='lat' dir='ltr'><strong>Britanniam,</strong></span> <span class='ocrx_word' id='word_1_127' title='bbox 2098 2543 2291 2637; x_wconf 89' lang='lat' dir='ltr'><strong>postremo</strong></span> 
     </span>
     <span class='ocr_line' id='line_1_14' title="bbox 637 2665 2295 2771; baseline -0.005 -24"><span class='ocrx_word' id='word_1_128' title='bbox 637 2671 684 2747; x_wconf 91' lang='lat' dir='ltr'><strong>ad</strong></span> <span class='ocrx_word' id='word_1_129' title='bbox 712 2670 861 2771; x_wconf 84' lang='lat' dir='ltr'><strong>Syriam</strong></span> <span class='ocrx_word' id='word_1_130' title='bbox 889 2674 1123 2768; x_wconf 89' lang='lat' dir='ltr'><strong>provinciam</strong></span> <span class='ocrx_word' id='word_1_131' title='bbox 1150 2677 1414 2768; x_wconf 91' lang='lat' dir='ltr'><strong>promovetur,</strong></span> <span class='ocrx_word' id='word_1_132' title='bbox 1449 2668 1550 2767; x_wconf 88' lang='lat' dir='ltr'><strong>apud</strong></span> <span class='ocrx_word' id='word_1_133' title='bbox 1576 2668 1744 2743; x_wconf 79' lang='lat' dir='ltr'><strong>Hermen.</strong></span> <span class='ocrx_word' id='word_1_134' title='bbox 1773 2668 1883 2742; x_wconf 83' lang='lat'><strong>5480.</strong></span> <span class='ocrx_word' id='word_1_135' title='bbox 1910 2665 2057 2744; x_wconf 82' lang='lat' dir='ltr'><strong>Statius</strong></span> <span class='ocrx_word' id='word_1_136' title='bbox 2085 2666 2243 2745; x_wconf 83' lang='lat' dir='ltr'><strong>Priscus</strong></span> <span class='ocrx_word' id='word_1_137' title='bbox 2270 2689 2295 2738; x_wconf 86' lang='lat' dir='ltr'><strong>a</strong></span> 
     </span>
     <span class='ocr_line' id='line_1_15' title="bbox 635 2796 2294 2897; baseline -0.002 -24"><span class='ocrx_word' id='word_1_138' title='bbox 635 2799 785 2873; x_wconf 86' lang='lat' dir='ltr'><strong>Moesia</strong></span> <span class='ocrx_word' id='word_1_139' title='bbox 812 2798 860 2873; x_wconf 96' lang='lat' dir='ltr'><strong>ad</strong></span> <span class='ocrx_word' id='word_1_140' title='bbox 886 2797 1140 2896; x_wconf 82' lang='lat' dir='ltr'><strong>Britanniam,</strong></span> <span class='ocrx_word' id='word_1_141' title='bbox 1175 2796 1263 2872; x_wconf 91' lang='lat' dir='ltr'><strong>inde</strong></span> <span class='ocrx_word' id='word_1_142' title='bbox 1296 2803 1337 2873; x_wconf 92' lang='lat' dir='ltr'><strong>in</strong></span> <span class='ocrx_word' id='word_1_143' title='bbox 1371 2797 1651 2897; x_wconf 85' lang='lat' dir='ltr'><strong>Cappadociam</strong></span> <span class='ocrx_word' id='word_1_144' title='bbox 1683 2797 1772 2872; x_wconf 92' lang='lat' dir='ltr'><strong>belli</strong></span> <span class='ocrx_word' id='word_1_145' title='bbox 1799 2797 1967 2872; x_wconf 86' lang='lat' dir='ltr'><strong>Parthici</strong></span> <span class='ocrx_word' id='word_1_146' title='bbox 1995 2796 2151 2896; x_wconf 88' lang='lat' dir='ltr'><strong>gerendi</strong></span> <span class='ocrx_word' id='word_1_147' title='bbox 2178 2819 2294 2870; x_wconf 86' lang='lat' dir='ltr'><strong>causa</strong></span> 
     </span>
     <span class='ocr_line' id='line_1_16' title="bbox 636 2923 2293 3027; baseline -0.002 -25"><span class='ocrx_word' id='word_1_148' title='bbox 636 2926 721 3002; x_wconf 87' lang='lat' dir='ltr'><strong>aL.</strong></span> <span class='ocrx_word' id='word_1_149' title='bbox 739 2927 839 3004; x_wconf 90' lang='lat' dir='ltr'><strong>Vero</strong></span> <span class='ocrx_word' id='word_1_150' title='bbox 867 2933 1052 3014; x_wconf 79' lang='lat' dir='ltr'><strong>avocatus</strong></span> <span class='ocrx_word' id='word_1_151' title='bbox 1080 2934 1157 3027; x_wconf 85' lang='lat' dir='ltr'><strong>est,</strong></span> <span class='ocrx_word' id='word_1_152' title='bbox 1185 2928 1305 3002; x_wconf 89' lang='lat' dir='ltr'><strong>Iulius</strong></span> <span class='ocrx_word' id='word_1_153' title='bbox 1332 2927 1501 3004; x_wconf 84' lang='lat' dir='ltr'><strong>Severus</strong></span> <span class='ocrx_word' id='word_1_154' title='bbox 1530 2926 1765 3002; x_wconf 86' lang='lat' dir='ltr'><strong>eBritannia</strong></span> <span class='ocrx_word' id='word_1_155' title='bbox 1791 2924 1838 3000; x_wconf 87' lang='lat' dir='ltr'><strong>ab</strong></span> <span class='ocrx_word' id='word_1_156' title='bbox 1855 2925 2051 3000; x_wconf 90' lang='lat' dir='ltr'><strong>Hadriano</strong></span> <span class='ocrx_word' id='word_1_157' title='bbox 2077 2923 2126 2999; x_wconf 88' lang='lat' dir='ltr'><strong>ad</strong></span> <span class='ocrx_word' id='word_1_158' title='bbox 2152 2923 2293 2998; x_wconf 90' lang='lat' dir='ltr'><strong>bellum</strong></span> 
     </span>
     <span class='ocr_line' id='line_1_17' title="bbox 634 3054 2293 3155; baseline -0.003 -24"><span class='ocrx_word' id='word_1_159' title='bbox 634 3057 831 3132; x_wconf 90' lang='lat' dir='ltr'><strong>Iudaicum</strong></span> <span class='ocrx_word' id='word_1_160' title='bbox 858 3054 1021 3154; x_wconf 91' lang='lat' dir='ltr'><strong>indeque</strong></span> <span class='ocrx_word' id='word_1_161' title='bbox 1048 3060 1087 3129; x_wconf 91' lang='lat' dir='ltr'><strong>in</strong></span> <span class='ocrx_word' id='word_1_162' title='bbox 1102 3055 1252 3155; x_wconf 86' lang='lat' dir='ltr'><strong>Syriam</strong></span> <span class='ocrx_word' id='word_1_163' title='bbox 1279 3061 1420 3130; x_wconf 87' lang='lat' dir='ltr'><strong>missus</strong></span> <span class='ocrx_word' id='word_1_164' title='bbox 1448 3064 1507 3130; x_wconf 89' lang='lat' dir='ltr'><strong>est</strong></span> <span class='ocrx_word' id='word_1_165' title='bbox 1521 3056 1766 3155; x_wconf 90' lang='lat' dir='ltr'><strong>(Mommsen.</strong></span> <span class='ocrx_word' id='word_1_166' title='bbox 1794 3079 1853 3153; x_wconf 93' lang='lat' dir='ltr'><strong>ap.</strong></span> <span class='ocrx_word' id='word_1_167' title='bbox 1868 3055 2054 3152; x_wconf 86' lang='lat' dir='ltr'><strong>Borghes.</strong></span> <span class='ocrx_word' id='word_1_168' title='bbox 2071 3054 2096 3126; x_wconf 93' lang='lat' dir='ltr'><strong>l.</strong></span> <span class='ocrx_word' id='word_1_169' title='bbox 2110 3054 2173 3152; x_wconf 75' lang='lat' dir='ltr'><strong>l),</strong></span> <span class='ocrx_word' id='word_1_170' title='bbox 2200 3057 2293 3128; x_wconf 90' lang='lat' dir='ltr'><strong>item</strong></span> 
     </span>
     <span class='ocr_line' id='line_1_18' title="bbox 636 3183 2291 3283; baseline -0.001 -24"><span class='ocrx_word' id='word_1_171' title='bbox 636 3183 681 3275; x_wconf 80' lang='lat' dir='ltr'><strong>Q.</strong></span> <span class='ocrx_word' id='word_1_172' title='bbox 709 3186 873 3259; x_wconf 86' lang='lat' dir='ltr'><strong>Roscius</strong></span> <span class='ocrx_word' id='word_1_173' title='bbox 909 3183 976 3282; x_wconf 92' lang='lat' dir='ltr'><strong>(ib.</strong></span> <span class='ocrx_word' id='word_1_174' title='bbox 1015 3209 1049 3282; x_wconf 94' lang='lat' dir='ltr'><strong>p.</strong></span> <span class='ocrx_word' id='word_1_175' title='bbox 1079 3183 1171 3283; x_wconf 81' lang='lat'>125)</span> <span class='ocrx_word' id='word_1_176' title='bbox 1209 3193 1298 3283; x_wconf 91' lang='lat' dir='ltr'><strong>post</strong></span> <span class='ocrx_word' id='word_1_177' title='bbox 1332 3184 1520 3259; x_wconf 84' lang='lat' dir='ltr'><strong>Moesiam</strong></span> <span class='ocrx_word' id='word_1_178' title='bbox 1556 3185 1774 3258; x_wconf 83' lang='lat' dir='ltr'><strong>inferiorem</strong></span> <span class='ocrx_word' id='word_1_179' title='bbox 1801 3183 2059 3282; x_wconf 82' lang='lat' dir='ltr'><strong>Britanniam,</strong></span> <span class='ocrx_word' id='word_1_180' title='bbox 2097 3189 2291 3280; x_wconf 90' lang='lat' dir='ltr'><strong>postremo</strong></span> 
     </span>
     <span class='ocr_line' id='line_1_19' title="bbox 636 3311 2292 3414; baseline -0.002 -25"><span class='ocrx_word' id='word_1_181' title='bbox 636 3312 771 3389; x_wconf 88' lang='lat' dir='ltr'><strong>Asiam</strong></span> <span class='ocrx_word' id='word_1_182' title='bbox 796 3338 866 3411; x_wconf 95' lang='lat' dir='ltr'><strong>pro</strong></span> <span class='ocrx_word' id='word_1_183' title='bbox 894 3314 1052 3388; x_wconf 89' lang='lat' dir='ltr'><strong>consule</strong></span> <span class='ocrx_word' id='word_1_184' title='bbox 1077 3317 1199 3414; x_wconf 77' lang='lat' dir='ltr'><strong>rexit,</strong></span> <span class='ocrx_word' id='word_1_185' title='bbox 1237 3313 1445 3388; x_wconf 86' lang='lat' dir='ltr'><strong>Caerellius</strong></span> <span class='ocrx_word' id='word_1_186' title='bbox 1473 3314 1863 3412; x_wconf 66' lang='lat' dir='ltr'><strong>(canotasenus.</strong></span> <span class='ocrx_word' id='word_1_187' title='bbox 1892 3313 2014 3388; x_wconf 86' lang='lat' dir='ltr'><strong>Bhen.</strong></span> <span class='ocrx_word' id='word_1_188' title='bbox 2041 3311 2132 3413; x_wconf 93' lang='lat' dir='ltr'><strong>XII,</strong></span> <span class='ocrx_word' id='word_1_189' title='bbox 2160 3337 2194 3411; x_wconf 90' lang='lat' dir='ltr'><strong>p.</strong></span> <span class='ocrx_word' id='word_1_190' title='bbox 2224 3313 2292 3411; x_wconf 77' lang='lat' dir='ltr'><strong>ta)</strong></span> 
     </span>
     <span class='ocr_line' id='line_1_20' title="bbox 637 3442 1762 3543; baseline -0.003 -23"><span class='ocrx_word' id='word_1_191' title='bbox 637 3469 658 3520; x_wconf 90' lang='lat' dir='ltr'><strong>e</strong></span> <span class='ocrx_word' id='word_1_192' title='bbox 686 3442 891 3518; x_wconf 86' lang='lat' dir='ltr'><strong>Germania</strong></span> <span class='ocrx_word' id='word_1_193' title='bbox 917 3448 1114 3543; x_wconf 85' lang='lat' dir='ltr'><strong>superiore</strong></span> <span class='ocrx_word' id='word_1_194' title='bbox 1140 3449 1180 3519; x_wconf 92' lang='lat' dir='ltr'><strong>in</strong></span> <span class='ocrx_word' id='word_1_195' title='bbox 1206 3443 1449 3518; x_wconf 86' lang='lat' dir='ltr'><strong>Britanniam</strong></span> <span class='ocrx_word' id='word_1_196' title='bbox 1471 3445 1666 3542; x_wconf 82' lang='lat' dir='ltr'><strong>profectus</strong></span> <span class='ocrx_word' id='word_1_197' title='bbox 1693 3451 1762 3518; x_wconf 88' lang='lat' dir='ltr'><strong>est.</strong></span> 
     </span>
    </p>

    <p class='ocr_par' dir='ltr' id='par_1_5' title="bbox 635 3544 2296 4707">
     <span class='ocr_line' id='line_1_21' title="bbox 741 3544 2294 3673; baseline -0.003 -23"><span class='ocrx_word' id='word_1_198' title='bbox 741 3570 866 3650; x_wconf 70' lang='lat' dir='ltr'><strong>Orneai</strong></span> <span class='ocrx_word' id='word_1_199' title='bbox 899 3571 1054 3672; x_wconf 70' lang='lat' dir='ltr'><strong>epreyioe</strong></span> <span class='ocrx_word' id='word_1_200' title='bbox 1086 3585 1157 3646; x_wconf 87' lang='lat' dir='ltr'><strong>tum</strong></span> <span class='ocrx_word' id='word_1_201' title='bbox 1188 3572 1262 3670; x_wconf 81' lang='lat' dir='ltr'><strong>spei</strong></span> <span class='ocrx_word' id='word_1_202' title='bbox 1284 3572 1403 3672; x_wconf 78' lang='lat' dir='ltr'><strong>filiam</strong></span> <span class='ocrx_word' id='word_1_203' title='bbox 1438 3572 1605 3647; x_wconf 91' lang='lat' dir='ltr'><strong>nubilem</strong></span> <span class='ocrx_word' id='word_1_204' title='bbox 1637 3544 1778 3648; x_wconf 31' lang='lat' dir='ltr'><strong>Tacito.</strong></span> <span class='ocrx_word' id='word_1_205' title='bbox 1798 3571 1999 3673; x_wconf 89' lang='lat' dir='ltr'><strong>despondit</strong></span> <span class='ocrx_word' id='word_1_206' title='bbox 2034 3597 2077 3646; x_wconf 87' lang='lat' dir='ltr'><strong>ac</strong></span> <span class='ocrx_word' id='word_1_207' title='bbox 2102 3585 2182 3670; x_wconf 81' lang='lat' dir='ltr'><strong>post</strong></span> <span class='ocrx_word' id='word_1_208' title='bbox 2212 3595 2294 3646; x_wconf 82' lang='lat' dir='ltr'><strong>con-</strong></span> 
     </span>
     <span class='ocr_line' id='line_1_22' title="bbox 635 3701 2294 3802; baseline -0.001 -24"><span class='ocrx_word' id='word_1_209' title='bbox 635 3702 786 3778; x_wconf 73' lang='lat' dir='ltr'><strong>mmm</strong></span> <span class='ocrx_word' id='word_1_210' title='bbox 811 3701 990 3778; x_wconf 79' lang='lat' dir='ltr'><strong>collocarit.</strong></span> <span class='ocrx_word' id='word_1_211' title='bbox 1031 3702 1152 3776; x_wconf 85' lang='lat' dir='ltr'><strong>Filiae</strong></span> <span class='ocrx_word' id='word_1_212' title='bbox 1180 3707 1280 3776; x_wconf 91' lang='lat' dir='ltr'><strong>enim</strong></span> <span class='ocrx_word' id='word_1_213' title='bbox 1306 3707 1447 3802; x_wconf 89' lang='lat' dir='ltr'><strong>quippe</strong></span> <span class='ocrx_word' id='word_1_214' title='bbox 1475 3711 1681 3801; x_wconf 87' lang='lat' dir='ltr'><strong>quactum</strong></span> <span class='ocrx_word' id='word_1_215' title='bbox 1708 3702 1891 3778; x_wconf 88' lang='lat' dir='ltr'><strong>tredecim</strong></span> <span class='ocrx_word' id='word_1_216' title='bbox 1918 3725 2038 3778; x_wconf 87' lang='lat' dir='ltr'><strong>annos</strong></span> <span class='ocrx_word' id='word_1_217' title='bbox 2066 3709 2157 3776; x_wconf 87' lang='lat' dir='ltr'><strong>nata</strong></span> <span class='ocrx_word' id='word_1_218' title='bbox 2178 3709 2294 3802; x_wconf 84' lang='lat' dir='ltr'><strong>esset,</strong></span> 
     </span>
     <span class='ocr_line' id='line_1_23' title="bbox 639 3830 2294 3931; baseline -0.001 -26"><span class='ocrx_word' id='word_1_219' title='bbox 639 3830 979 3930; x_wconf 75' lang='lat' dir='ltr'><strong>(ctFriedliinder,</strong></span> <span class='ocrx_word' id='word_1_220' title='bbox 1006 3830 1230 3931; x_wconf 88' lang='lat' dir='ltr'><strong>Darstell.1,</strong></span> <span class='ocrx_word' id='word_1_221' title='bbox 1258 3855 1293 3929; x_wconf 93' lang='lat' dir='ltr'><strong>p.</strong></span> <span class='ocrx_word' id='word_1_222' title='bbox 1310 3831 1416 3929; x_wconf 74' lang='lat'><strong>387),</strong></span> <span class='ocrx_word' id='word_1_223' title='bbox 1443 3839 1741 3907; x_wconf 88' lang='lat' dir='ltr'><strong>consentaneum</strong></span> <span class='ocrx_word' id='word_1_224' title='bbox 1768 3841 1851 3906; x_wconf 88' lang='lat' dir='ltr'><strong>erat</strong></span> <span class='ocrx_word' id='word_1_225' title='bbox 1877 3841 1921 3907; x_wconf 88' lang='lat' dir='ltr'><strong>ut</strong></span> <span class='ocrx_word' id='word_1_226' title='bbox 1948 3837 2294 3930; x_wconf 89' lang='lat' dir='ltr'><strong>statimpostquam</strong></span> 
     </span>
     <span class='ocr_line' id='line_1_24' title="bbox 638 3959 2291 4060; baseline -0.001 -24"><span class='ocrx_word' id='word_1_227' title='bbox 638 3966 678 4036; x_wconf 93' lang='lat' dir='ltr'><strong>in</strong></span> <span class='ocrx_word' id='word_1_228' title='bbox 704 3961 836 4036; x_wconf 87' lang='lat' dir='ltr'><strong>urbem</strong></span> <span class='ocrx_word' id='word_1_229' title='bbox 863 3959 1046 4060; x_wconf 88' lang='lat' dir='ltr'><strong>redierat,</strong></span> <span class='ocrx_word' id='word_1_230' title='bbox 1074 3960 1231 4059; x_wconf 87' lang='lat' dir='ltr'><strong>dignum</strong></span> <span class='ocrx_word' id='word_1_231' title='bbox 1259 3964 1438 4035; x_wconf 90' lang='lat' dir='ltr'><strong>maritum</strong></span> <span class='ocrx_word' id='word_1_232' title='bbox 1464 3960 1632 4060; x_wconf 88' lang='lat' dir='ltr'><strong>eligeret.</strong></span> <span class='ocrx_word' id='word_1_233' title='bbox 1675 3959 1779 4035; x_wconf 93' lang='lat' dir='ltr'><strong>Nihil</strong></span> <span class='ocrx_word' id='word_1_234' title='bbox 1807 3967 1907 4035; x_wconf 90' lang='lat' dir='ltr'><strong>enim</strong></span> <span class='ocrx_word' id='word_1_235' title='bbox 1934 3961 2036 4036; x_wconf 89' lang='lat' dir='ltr'><strong>aliud</strong></span> <span class='ocrx_word' id='word_1_236' title='bbox 2063 3960 2192 4036; x_wconf 91' lang='lat' dir='ltr'><strong>verbis</strong></span> <span class='ocrx_word' id='word_1_237' title='bbox 2221 3985 2291 4035; x_wconf 79' lang='lat' dir='ltr'><strong>ex-</strong></span> 
     </span>
     <span class='ocr_line' id='line_1_25' title="bbox 639 4088 2295 4190; baseline 0 -26"><span class='ocrx_word' id='word_1_238' title='bbox 639 4089 901 4188; x_wconf 86' lang='lat' dir='ltr'><strong>quisitioribus</strong></span> <span class='ocrx_word' id='word_1_239' title='bbox 929 4088 1068 4188; x_wconf 92' lang='lat' dir='ltr'><strong>quibus</strong></span> <span class='ocrx_word' id='word_1_240' title='bbox 1094 4114 1130 4164; x_wconf 93' lang='lat' dir='ltr'><strong>v.</strong></span> <span class='ocrx_word' id='word_1_241' title='bbox 1152 4088 1224 4164; x_wconf 83' lang='lat' dir='ltr'><strong>iam</strong></span> <span class='ocrx_word' id='word_1_242' title='bbox 1245 4091 1424 4166; x_wconf 86' lang='lat' dir='ltr'><strong>aWexio</strong></span> <span class='ocrx_word' id='word_1_243' title='bbox 1452 4088 1736 4190; x_wconf 84' lang='lat' dir='ltr'><strong>suppeditatum</strong></span> <span class='ocrx_word' id='word_1_244' title='bbox 1763 4093 1961 4189; x_wconf 87' lang='lat' dir='ltr'><strong>praemisit</strong></span> <span class='ocrx_word' id='word_1_245' title='bbox 1974 4089 2145 4181; x_wconf 77' lang='lat' dir='ltr'><strong>Rdterua,</strong></span> <span class='ocrx_word' id='word_1_246' title='bbox 2173 4094 2295 4188; x_wconf 86' lang='lat' dir='ltr'><strong>signi-</strong></span> 
     </span>
     <span class='ocr_line' id='line_1_26' title="bbox 638 4217 2294 4320; baseline 0 -28"><span class='ocrx_word' id='word_1_247' title='bbox 638 4219 745 4294; x_wconf 88' lang='lat' dir='ltr'><strong>ficari</strong></span> <span class='ocrx_word' id='word_1_248' title='bbox 785 4223 858 4292; x_wconf 89' lang='lat' dir='ltr'><strong>nisi</strong></span> <span class='ocrx_word' id='word_1_249' title='bbox 899 4217 947 4292; x_wconf 89' lang='lat' dir='ltr'><strong>ad</strong></span> <span class='ocrx_word' id='word_1_250' title='bbox 985 4218 1227 4317; x_wconf 84' lang='lat' dir='ltr'><strong>pubertatem</strong></span> <span class='ocrx_word' id='word_1_251' title='bbox 1266 4223 1509 4318; x_wconf 84' lang='lat' dir='ltr'><strong>pervenisse,</strong></span> <span class='ocrx_word' id='word_1_252' title='bbox 1559 4219 1842 4320; x_wconf 87' lang='lat' dir='ltr'><strong>elegantissimo</strong></span> <span class='ocrx_word' id='word_1_253' title='bbox 1886 4223 2052 4294; x_wconf 88' lang='lat' dir='ltr'><strong>carmine</strong></span> <span class='ocrx_word' id='word_1_254' title='bbox 2091 4219 2294 4317; x_wconf 90' lang='lat' dir='ltr'><strong>sepulcrali</strong></span> 
     </span>
     <span class='ocr_line' id='line_1_27' title="bbox 641 4345 2296 4449; baseline -0.002 -26"><span class='ocrx_word' id='word_1_255' title='bbox 641 4348 924 4423; x_wconf 87' lang='lat' dir='ltr'><strong>demonstratur</strong></span> <span class='ocrx_word' id='word_1_256' title='bbox 965 4347 1039 4448; x_wconf 91' lang='lat' dir='ltr'><strong>(ib.</strong></span> <span class='ocrx_word' id='word_1_257' title='bbox 1074 4373 1110 4449; x_wconf 92' lang='lat' dir='ltr'><strong>p.</strong></span> <span class='ocrx_word' id='word_1_258' title='bbox 1139 4353 1233 4448; x_wconf 84' lang='lat'><strong>314,</strong></span> <span class='ocrx_word' id='word_1_259' title='bbox 1273 4348 1498 4423; x_wconf 87' lang='lat' dir='ltr'><strong>Mommsen.</strong></span> <span class='ocrx_word' id='word_1_260' title='bbox 1540 4349 1657 4424; x_wconf 90' lang='lat' dir='ltr'><strong>Inser.</strong></span> <span class='ocrx_word' id='word_1_261' title='bbox 1697 4373 1775 4447; x_wconf 88' lang='lat' dir='ltr'><strong>reg.</strong></span> <span class='ocrx_word' id='word_1_262' title='bbox 1815 4349 1934 4446; x_wconf 89' lang='lat' dir='ltr'><strong>Neap.</strong></span> <span class='ocrx_word' id='word_1_263' title='bbox 1976 4348 2094 4446; x_wconf 84' lang='lat'><strong>1603,</strong></span> <span class='ocrx_word' id='word_1_264' title='bbox 2143 4345 2296 4422; x_wconf 68' lang='lat' dir='ltr'><strong>ursana</strong></span> 
     </span>
     <span class='ocr_line' id='line_1_28' title="bbox 641 4475 2296 4578; baseline -0.001 -27"><span class='ocrx_word' id='word_1_265' title='bbox 641 4477 958 4577; x_wconf 81' lang='lat' dir='ltr'><strong>Philolog.X111,</strong></span> <span class='ocrx_word' id='word_1_266' title='bbox 986 4503 1020 4577; x_wconf 94' lang='lat' dir='ltr'><strong>p.</strong></span> <span class='ocrx_word' id='word_1_267' title='bbox 1038 4481 1148 4572; x_wconf 65' lang='lat' dir='ltr'><strong>lum:</strong></span> <span class='ocrx_word' id='word_1_268' title='bbox 1174 4477 1240 4554; x_wconf 80' lang='lat' dir='ltr'><strong>Bia</strong></span> <span class='ocrx_word' id='word_1_269' title='bbox 1253 4477 1339 4550; x_wconf 73' lang='lat' dir='ltr'><strong>malai</strong></span> <span class='ocrx_word' id='word_1_270' title='bbox 1350 4477 1529 4552; x_wconf 76' lang='lat' dir='ltr'><strong>lamecum</strong></span> <span class='ocrx_word' id='word_1_271' title='bbox 1542 4491 1636 4553; x_wconf 79' lang='lat' dir='ltr'><strong>actua</strong></span> <span class='ocrx_word' id='word_1_272' title='bbox 1656 4478 1876 4576; x_wconf 82' lang='lat' dir='ltr'><strong>compleuerat</strong></span> <span class='ocrx_word' id='word_1_273' title='bbox 1897 4500 2004 4551; x_wconf 71' lang='lat' dir='ltr'><strong>aalma</strong></span> <span class='ocrx_word' id='word_1_274' title='bbox 2018 4519 2065 4530; x_wconf 93' lang='lat'><strong>—·</strong></span> <span class='ocrx_word' id='word_1_275' title='bbox 2082 4475 2296 4578; x_wconf 82' lang='lat' dir='ltr'><strong>Spemque</strong></span> 
     </span>
     <span class='ocr_line' id='line_1_29' title="bbox 640 4606 1365 4707; baseline -0.006 -23"><span class='ocrx_word' id='word_1_276' title='bbox 640 4607 746 4684; x_wconf 79' lang='lat' dir='ltr'><strong>dabat</strong></span> <span class='ocrx_word' id='word_1_277' title='bbox 777 4607 929 4686; x_wconf 80' lang='lat' dir='ltr'><strong>tatami</strong></span> <span class='ocrx_word' id='word_1_278' title='bbox 954 4608 1211 4707; x_wconf 77' lang='lat' dir='ltr'><strong>coniupiumqaae</strong></span> <span class='ocrx_word' id='word_1_279' title='bbox 1238 4606 1365 4707; x_wconf 71' lang='lat' dir='ltr'><strong>[mita]</strong></span> 
     </span>
    </p>
   </div>
   <div class='ocr_carea' id='block_1_4' title="bbox 643 4950 2297 5484">
    <p class='ocr_par' dir='ltr' id='par_1_6' title="bbox 643 4950 2297 5484">
     <span class='ocr_line' id='line_1_30' title="bbox 643 4950 2296 5036; baseline 0 -20"><span class='ocrx_word' id='word_1_280' title='bbox 643 4973 664 5016; x_wconf 91' lang='lat' dir='ltr'><strong>a</strong></span> <span class='ocrx_word' id='word_1_281' title='bbox 691 4972 798 5018; x_wconf 87' lang='lat' dir='ltr'><strong>rerum</strong></span> <span class='ocrx_word' id='word_1_282' title='bbox 828 4952 967 5014; x_wconf 86' lang='lat' dir='ltr'><strong>veritate</strong></span> <span class='ocrx_word' id='word_1_283' title='bbox 997 4969 1093 5032; x_wconf 86' lang='lat' dir='ltr'><strong>quam</strong></span> <span class='ocrx_word' id='word_1_284' title='bbox 1123 4952 1265 5014; x_wconf 87' lang='lat' dir='ltr'><strong>maxime</strong></span> <span class='ocrx_word' id='word_1_285' title='bbox 1293 4950 1455 5015; x_wconf 88' lang='lat' dir='ltr'><strong>abhorret.</strong></span> <span class='ocrx_word' id='word_1_286' title='bbox 1499 4951 1584 5015; x_wconf 90' lang='lat' dir='ltr'><strong>Nam</strong></span> <span class='ocrx_word' id='word_1_287' title='bbox 1611 4950 1718 5016; x_wconf 90' lang='lat' dir='ltr'><strong>nullus</strong></span> <span class='ocrx_word' id='word_1_288' title='bbox 1740 4953 1869 5015; x_wconf 87' lang='lat' dir='ltr'><strong>omnino</strong></span> <span class='ocrx_word' id='word_1_289' title='bbox 1902 4952 2067 5016; x_wconf 85' lang='lat' dir='ltr'><strong>exercitus</strong></span> <span class='ocrx_word' id='word_1_290' title='bbox 2095 4953 2296 5036; x_wconf 87' lang='lat' dir='ltr'><strong>interceptus</strong></span> 
     </span>
     <span class='ocr_line' id='line_1_31' title="bbox 644 5060 2295 5148; baseline -0.002 -18"><span class='ocrx_word' id='word_1_291' title='bbox 644 5074 696 5130; x_wconf 86' lang='lat' dir='ltr'><strong>est</strong></span> <span class='ocrx_word' id='word_1_292' title='bbox 716 5085 745 5128; x_wconf 86' lang='lat' dir='ltr'><strong>a.</strong></span> <span class='ocrx_word' id='word_1_293' title='bbox 757 5065 808 5125; x_wconf 88' lang='grc'><strong>61.</strong></span> <span class='ocrx_word' id='word_1_294' title='bbox 829 5070 887 5126; x_wconf 91' lang='lat' dir='ltr'><strong>aut</strong></span> <span class='ocrx_word' id='word_1_295' title='bbox 908 5062 1059 5147; x_wconf 83' lang='lat' dir='ltr'><strong>lagatus,</strong></span> <span class='ocrx_word' id='word_1_296' title='bbox 1082 5061 1142 5126; x_wconf 89' lang='lat' dir='ltr'><strong>sed</strong></span> <span class='ocrx_word' id='word_1_297' title='bbox 1164 5083 1237 5126; x_wconf 89' lang='lat' dir='ltr'><strong>cum</strong></span> <span class='ocrx_word' id='word_1_298' title='bbox 1261 5065 1383 5147; x_wconf 81' lang='lat' dir='ltr'><strong>sparsis</strong></span> <span class='ocrx_word' id='word_1_299' title='bbox 1400 5065 1485 5127; x_wconf 90' lang='lat' dir='ltr'><strong>inter</strong></span> <span class='ocrx_word' id='word_1_300' title='bbox 1499 5062 1639 5128; x_wconf 88' lang='lat' dir='ltr'><strong>castella</strong></span> <span class='ocrx_word' id='word_1_301' title='bbox 1653 5062 1807 5127; x_wconf 90' lang='lat' dir='ltr'><strong>militibus</strong></span> <span class='ocrx_word' id='word_1_302' title='bbox 1825 5060 2001 5128; x_wconf 84' lang='lat' dir='ltr'><strong>Suetonius</strong></span> <span class='ocrx_word' id='word_1_303' title='bbox 2020 5063 2133 5148; x_wconf 90' lang='lat' dir='ltr'><strong>procul</strong></span> <span class='ocrx_word' id='word_1_304' title='bbox 2151 5063 2295 5144; x_wconf 88' lang='lat' dir='ltr'><strong>abesset,</strong></span> 
     </span>
     <span class='ocr_line' id='line_1_32' title="bbox 644 5172 2296 5262; baseline 0.001 -23"><span class='ocrx_word' id='word_1_305' title='bbox 644 5175 732 5262; x_wconf 82' lang='lat' dir='ltr'><strong>legio</strong></span> <span class='ocrx_word' id='word_1_306' title='bbox 753 5172 817 5238; x_wconf 86' lang='lat' dir='ltr'><strong>IX.</strong></span> <span class='ocrx_word' id='word_1_307' title='bbox 838 5172 911 5238; x_wconf 83' lang='lat' dir='ltr'><strong>sola</strong></span> <span class='ocrx_word' id='word_1_308' title='bbox 929 5181 1091 5257; x_wconf 85' lang='lat' dir='ltr'><strong>pugnaret</strong></span> <span class='ocrx_word' id='word_1_309' title='bbox 1112 5182 1225 5238; x_wconf 90' lang='lat' dir='ltr'><strong>contra</strong></span> <span class='ocrx_word' id='word_1_310' title='bbox 1247 5173 1370 5257; x_wconf 86' lang='lat' dir='ltr'><strong>hostes,</strong></span> <span class='ocrx_word' id='word_1_311' title='bbox 1393 5173 1434 5238; x_wconf 91' lang='lat'><strong>11.</strong></span> <span class='ocrx_word' id='word_1_312' title='bbox 1457 5177 1574 5240; x_wconf 86' lang='lat' dir='ltr'><strong>castris</strong></span> <span class='ocrx_word' id='word_1_313' title='bbox 1596 5195 1633 5240; x_wconf 90' lang='lat' dir='ltr'><strong>se</strong></span> <span class='ocrx_word' id='word_1_314' title='bbox 1654 5183 1792 5256; x_wconf 88' lang='lat' dir='ltr'><strong>teneret,</strong></span> <span class='ocrx_word' id='word_1_315' title='bbox 1814 5175 1990 5258; x_wconf 87' lang='lat' dir='ltr'><strong>aliquando</strong></span> <span class='ocrx_word' id='word_1_316' title='bbox 2015 5175 2143 5240; x_wconf 89' lang='lat' dir='ltr'><strong>tandem</strong></span> <span class='ocrx_word' id='word_1_317' title='bbox 2166 5175 2296 5261; x_wconf 86' lang='lat' dir='ltr'><strong>legione</strong></span> 
     </span>
     <span class='ocr_line' id='line_1_33' title="bbox 644 5267 2297 5374; baseline -0.002 -22"><span class='ocrx_word' id='word_1_318' title='bbox 644 5285 740 5353; x_wconf 87' lang='lat' dir='ltr'><strong>XIV.</strong></span> <span class='ocrx_word' id='word_1_319' title='bbox 762 5308 836 5352; x_wconf 91' lang='lat' dir='ltr'><strong>curn</strong></span> <span class='ocrx_word' id='word_1_320' title='bbox 857 5285 1071 5352; x_wconf 84' lang='lat' dir='ltr'><strong>vexillatione</strong></span> <span class='ocrx_word' id='word_1_321' title='bbox 1102 5285 1163 5371; x_wconf 83' lang='lat' dir='ltr'><strong>lag.</strong></span> <span class='ocrx_word' id='word_1_322' title='bbox 1183 5285 1267 5350; x_wconf 89' lang='lat' dir='ltr'><strong>XX.</strong></span> <span class='ocrx_word' id='word_1_323' title='bbox 1289 5287 1488 5372; x_wconf 80' lang='lat' dir='ltr'><strong>auxiliisque</strong></span> <span class='ocrx_word' id='word_1_324' title='bbox 1516 5267 1689 5353; x_wconf 80' lang='lat' dir='ltr'><strong>coniuncta</strong></span> <span class='ocrx_word' id='word_1_325' title='bbox 1716 5290 1803 5352; x_wconf 89' lang='lat' dir='ltr'><strong>iuste</strong></span> <span class='ocrx_word' id='word_1_326' title='bbox 1827 5289 1898 5352; x_wconf 89' lang='lat' dir='ltr'><strong>acie</strong></span> <span class='ocrx_word' id='word_1_327' title='bbox 1928 5287 2059 5374; x_wconf 79' lang='lat' dir='ltr'><strong>confligi</strong></span> <span class='ocrx_word' id='word_1_328' title='bbox 2086 5297 2210 5372; x_wconf 85' lang='lat' dir='ltr'><strong>posset,</strong></span> <span class='ocrx_word' id='word_1_329' title='bbox 2239 5285 2297 5371; x_wconf 85' lang='lat' dir='ltr'><strong>(cf.</strong></span> 
     </span>
     <span class='ocr_line' id='line_1_34' title="bbox 644 5397 2254 5484; baseline -0.002 -20"><span class='ocrx_word' id='word_1_330' title='bbox 644 5398 756 5464; x_wconf 89' lang='lat' dir='ltr'><strong>annal.</strong></span> <span class='ocrx_word' id='word_1_331' title='bbox 772 5398 869 5480; x_wconf 84' lang='lat' dir='ltr'><strong>XIV,</strong></span> <span class='ocrx_word' id='word_1_332' title='bbox 891 5400 938 5463; x_wconf 22' lang='lat'><strong>31*</strong></span> <span class='ocrx_word' id='word_1_333' title='bbox 955 5419 1030 5482; x_wconf 86' lang='lat' dir='ltr'><strong>sqq.</strong></span> <span class='ocrx_word' id='word_1_334' title='bbox 1052 5398 1133 5484; x_wconf 82' lang='lat' dir='ltr'><strong>Agr.</strong></span> <span class='ocrx_word' id='word_1_335' title='bbox 1157 5401 1262 5481; x_wconf 70' lang='lat' dir='ltr'><strong>alti)</strong></span> <span class='ocrx_word' id='word_1_336' title='bbox 1286 5401 1452 5464; x_wconf 86' lang='lat' dir='ltr'><strong>exercitus</strong></span> <span class='ocrx_word' id='word_1_337' title='bbox 1475 5397 1641 5464; x_wconf 85' lang='lat' dir='ltr'><strong>Romanus</strong></span> <span class='ocrx_word' id='word_1_338' title='bbox 1663 5401 1843 5464; x_wconf 89' lang='lat' dir='ltr'><strong>rectissime</strong></span> <span class='ocrx_word' id='word_1_339' title='bbox 1866 5400 2085 5483; x_wconf 88' lang='lat' dir='ltr'><strong>intersaeptus</strong></span> <span class='ocrx_word' id='word_1_340' title='bbox 2109 5407 2254 5464; x_wconf 87' lang='lat' dir='ltr'><strong>vocatur.</strong></span> 
     </span>
    </p>
   </div>
   <div class='ocr_carea' id='block_1_5' title="bbox 0 0 2672 6738">
    <p class='ocr_par' dir='ltr' id='par_1_7' title="bbox 0 0 2672 6738">
     <span class='ocr_line' id='line_1_35' title="bbox 0 0 2672 6738; baseline 0 0"><span class='ocrx_word' id='word_1_341' title='bbox 0 0 2672 6738; x_wconf 95' lang='lat' dir='ltr'><strong> </strong></span> 
     </span>
    </p>
   </div>
  </div>
 </body>
</html>
