5332 6738
1193 835 1240 908 13

383 1098 474 1168 enni
502 1095 561 1168 69.
588 1100 741 1192 praetor
776 1118 824 1167 ne
859 1093 941 1167 fleri
969 1092 1121 1191 quidem
1154 1099 1295 1193 potuit,
1337 1098 1444 1192 atqui
1477 1100 1695 1192 praeturam
1731 1093 1779 1167 ad
1814 1119 1954 1169 annum
1981 1096 2041 1170 68.

384 1221 623 1298 referendam
652 1247 738 1297 csse
765 1229 911 1298 certum
939 1231 1007 1297 est.
1046 1223 1223 1321 Denique
1250 1223 1351 1321 quod
1379 1247 1428 1298 ex
1444 1223 1540 1297 Asia
1566 1226 1762 1322 provincia
1788 1223 1910 1298 redux
1923 1223 2042 1324 Agri-

385 1351 469 1425 cola
493 1351 580 1426 inter
614 1365 833 1450 quaesturam
859 1376 901 1426 ac
932 1352 1137 1428 athanatum
1163 1351 1268 1452 plebis
1294 1355 1403 1450 ctqae'
1421 1353 1535 1452 iprum
1569 1352 1670 1428 etiam
1696 1353 1885 1428 tribunatus
1910 1379 2042 1428 annam

385 1480 494 1580 quiete
519 1493 549 1556 et
573 1481 637 1556 ono
665 1485 865 1557 transiisse
893 1480 1047 1580 dieitur,
1074 1482 1185 1556 aliter
1211 1482 1394 1581 explicari
1421 1487 1554 1580 nequit
1580 1487 1654 1558 nisi
1680 1490 1724 1557 ut
1749 1507 1884 1558 vocem
1911 1507 2040 1556 annam

385 1609 503 1684 semel
530 1614 695 1709 positam
719 1608 780 1683 bie
805 1609 1085 1710 intellegamus,
1112 1615 1242 1708 itaque
1257 1635 1334 1685 uon
1352 1636 1493 1686 annum
1513 1619 1552 1686 et
1568 1611 1764 1687 dimidium
1785 1611 1851 1687 sed
1868 1613 2041 1712 singulos

386 1763 506 1814 annos
532 1743 632 1814 inter
658 1745 864 1837 utrumque
892 1744 1158 1838 magistratum
1184 1743 1448 1814 intercessisse
1474 1745 1664 1840 putemus.
1708 1739 1899 1832 Quaestor
1922 1746 2041 1840 igitur

386 1870 447 1945 die
463 1870 510 1943 V.
538 1895 586 1944 m.
613 1871 702 1944 Deo.
730 1895 761 1943 a
781 1871 841 1944 63.
868 1870 995 1943 factus
1022 1867 1287 1966 proconsulem
1301 1866 1458 1945 Saluiam
1476 1869 1652 1945 Titianum
1678 1877 1833 1946 secutus
1861 1878 1940 1970 est,
1966 1875 2041 1946 viri

386 2000 597 2075 consuleris
622 2000 754 2090 filium,
782 2003 982 2097 quiquam
1004 2001 1133 2071 nescio
1148 2022 1223 2095 quo
1246 2022 1345 2072 anno
1359 1998 1492 2073 consul
1512 1997 1697 2074 suffectus
1717 2000 1856 2074 fuisset
1877 2000 2041 2098 amplius

386 2153 528 2203 annum
563 2134 602 2202 in
635 2127 731 2202 Asia
767 2135 1023 2203 commoratus
1059 2134 1194 2225 postea
1229 2153 1259 2200 a
1294 2128 1352 2202 68.
1410 2126 1573 2202 Othonis
1599 2128 1729 2202 fratris
1762 2133 1802 2202 in
1838 2128 2040 2203 consulatu

386 2256 576 2332 ordinario
617 2259 765 2358 collega
801 2267 918 2356 atque
956 2259 995 2330 in
1035 2256 1135 2330 bello
1172 2256 1275 2330 civili
1310 2261 1435 2331 socius
1470 2259 1561 2356 fuit,
1601 2282 1625 2331 a
1650 2258 1806 2332 Vitellio
1834 2258 2041 2334 clementer

386 2384 550 2460 habitus.
577 2385 748 2460 Uxorem
768 2394 897 2462 autem
915 2411 1043 2461 secum
1059 2386 1170 2460 duxit
1183 2385 1376 2487 Agricola,
1399 2387 1616 2486 aequalium
1630 2388 1836 2464 multorum
1851 2388 2039 2488 exemplo,

386 2522 590 2614 postquem
628 2521 797 2590 severior
832 2517 1031 2616 disciplina
1067 2517 1220 2591 Tiberio
1254 2525 1440 2614 regnante
1475 2522 1625 2592 restitui
1659 2542 1735 2591 non
1770 2523 1947 2616 potuerat
1974 2518 2040 2617 (cf.

387 2645 508 2718 annal.
536 2645 610 2745 III,
638 2647 725 2746 33),
752 2645 880 2745 ibique
895 2647 979 2746 filiu
1005 2660 1124 2722 auctas
1151 2654 1229 2745 est,
1257 2671 1355 2744 quae
1383 2653 1517 2745 postea
1543 2647 1676 2721 Tecito
1703 2653 1843 2745 nupsit.

488 2775 623 2876 Neque
649 2801 742 2851 vero
772 2776 1085 2852 dissimulandum
1113 2785 1191 2874 est,
1229 2778 1301 2851 hoc
1328 2776 1481 2874 quidem
1517 2777 1601 2850 loeo
1628 2775 1803 2850 Tacitum
1830 2775 2040 2852 laudatoris

386 2911 515 3008 potius
543 2914 671 3004 partes
707 2931 822 3004 quam
854 2929 1003 2979 rerum·
1016 2911 1213 3006 scriptoris
1249 2911 1385 3005 egisse.
1438 2904 1567 2996 Quum
1602 2909 1702 2980 eninr
1736 2910 1889 2980 invictis
1924 2931 2041 3006 argu-

385 3037 774 3137 mentisNr'pperder'us
800 3036 848 3111 ad
875 3037 998 3110 annal.
1024 3035 1142 3135 XVI,
1173 3037 1230 3110 10.
1257 3036 1314 3110 oll.
1339 3034 1458 3135 XVI,
1486 3037 1533 3108 21
1563 3059 1643 3134 sqq.
1671 3035 1851 3134 docuerit,
1877 3035 2040 3110 Baream

387 3168 593 3265 Soranum,
643 3173 837 3240 auctorem
878 3164 980 3240 haud
1021 3164 1134 3240 dubie
1179 3139 1321 3238 decreti
1360 3163 1465 3239 Chiis
1512 3163 1589 3238 dati
1629 3164 1729 3263 quod
1775 3169 1814 3238 in
1854 3169 2040 3264 inscriptt

387 3297 519 3372 Graec.
545 3323 580 3370 n.
610 3297 719 3370 2222.
747 3296 904 3395 legitur,
932 3320 1030 3370 anno
1058 3297 1117 3371 65.
1143 3299 1167 3370 i.
1195 3320 1224 3369 e.
1253 3320 1274 3368 6
1301 3302 1432 3369 nostra
1459 3300 1605 3368 ratione
1634 3319 1657 3367 a
1682 3317 1813 3368 menso
1827 3293 1951 3393 Aprili
1976 3295 2040 3369 vel

385 3427 490 3502 Maio
519 3452 549 3500 a.
578 3427 740 3502 65-66,
792 3424 926 3500 Asiam
952 3430 1119 3522 rexisse,
1155 3430 1217 3499 cui
1244 3429 1494 3498 antecesserit
1521 3423 1563 3496 L.
1590 3423 1785 3498 Antistius
1811 3423 1956 3524 Vetus,
1992 3423 2040 3499 ab

387 3562 476 3631 anni
503 3563 597 3655 puta
623 3558 682 3630 64.
709 3579 840 3630 mense
866 3555 990 3654 Aprili
1017 3554 1080 3628 vel
1106 3555 1210 3630 Maio
1237 3577 1360 3653 usquc
1388 3553 1436 3628 ad
1463 3579 1494 3627 a.
1522 3555 1580 3629 65.
1610 3553 1674 3652 (cf.
1702 3553 1824 3627 annal.
1836 3551 1952 3652 XVI,
1981 3555 2039 3627 10.

388 3687 444 3761 cll.
457 3685 548 3784 XV,
576 3685 666 3785 58.),
694 3690 866 3783 sequitur
878 3684 1050 3760 Salvium
1064 3685 1257 3760 Titianum
1286 3690 1386 3761 circe
1413 3709 1585 3760 mensem
1611 3684 1759 3758 Maium
1787 3689 1876 3760 enni
1904 3687 1963 3760 64.
1990 3709 2040 3760 ex

386 3815 482 3890 Asia
509 3815 720 3890 decessisse
748 3839 912 3914 eumque
929 3812 1114 3892 Claudium
1128 3817 1357 3908 Danionom,
1385 3841 1485 3914 quern
1510 3816 1549 3890 ob
1564 3814 1705 3916 flagitio
1718 3815 1902 3890 manturna
1924 3813 2040 3890 Vetere

384 3944 492 4020 Asiae
512 3943 712 4041 procoosrde
739 3944 874 4018 resolvit
893 3943 990 4018 Nero
1015 3945 1053 4018 in
1073 3946 1270 4043 praemium
1295 3945 1479 4036 servitutis,
1506 3943 1658 4018 Titiano
1684 3943 1849 4018 fortasse
1877 3967 1952 4018 non
1979 3949 2041 4019 in-

386 4080 538 4173 gratum
565 4075 696 4148 fuisse.
735 4075 871 4172 ltaque
898 4072 1080 4172 Agricola
1105 4079 1254 4150 invenit
1280 4074 1431 4172 quidem
1459 4078 1499 4146 in
1525 4077 1721 4172 provincia
1746 4071 1978 4172 mocmrralem
2003 4072 2041 4146 in

385 4225 516 4278 omnem
531 4203 728 4277 ariditatem
741 4227 897 4302 monum,
926 4204 992 4278 sed
1013 4229 1080 4302 per
1101 4203 1259 4276 alteram
1279 4207 1368 4277 anni
1390 4210 1535 4301 partem
1556 4226 1716 4300 eamque
1734 4203 1850 4302 paulo
1873 4203 2039 4277 fortasse

385 4337 566 4408 maiorem
596 4338 835 4408 sanctissimo
863 4333 1036 4431 praeside
1062 4357 1158 4408 usus
1184 4340 1253 4407 eet.

488 4462 553 4535 Ex
578 4461 674 4536 Asia
700 4467 818 4560 igitur
845 4487 876 4534 a
896 4462 956 4537 64.
986 4469 1150 4536 exeunte
1177 4462 1337 4536 Romam
1365 4461 1478 4536 rediit
1504 4468 1619 4560 atque
1646 4464 1735 4535 anni
1762 4460 1863 4560 quod
1889 4460 2040 4561 legibue

389 4591 617 4692 poscebatur
651 4592 852 4665 intervallo
887 4595 1104 4666 intermisso
1141 4591 1201 4665 die
1227 4590 1276 4664 X.
1304 4617 1351 4665 m.
1378 4588 1602 4664 Decembris
1631 4615 1662 4663 a.
1690 4591 1749 4665 65.
1781 4588 2041 4665 tribunatu

386 4730 544 4797 omatus
579 4729 656 4820 eet,
698 4722 845 4820 collega
876 4719 1037 4795 Aruleni
1070 4721 1240 4820 Rustici,
1287 4719 1590 4795 condemnationi
1627 4719 1822 4794 Thraseae
1858 4744 2041 4818 praesens

386 4851 561 4925 interfuit
593 4874 733 4950 neque,
770 4849 870 4949 quod
897 4873 989 4924 sanc
1015 4849 1155 4923 licebat
1180 4848 1343 4924 tribunis
1370 4849 1435 4948 (cf.
1463 4850 1586 4924 annal.
1610 4847 1728 4949 XVI,
1766 4849 1851 4948 26),
1884 4856 2041 4924 senatus

387 4979 562 5054 consulto
589 4980 824 5054 intercedere
857 5003 975 5053 ausus
1003 4988 1072 5056 est.
1126 4976 1235 5068 Quae
1263 4986 1389 5052 autem
1418 4983 1501 5077 ipse
1529 5003 1655 5052 coram
1683 4978 1856 5052 audierat
1881 4975 2041 5078 videret,

385 5108 519 5184 Tacito
545 5109 648 5185 haud
675 5109 786 5184 dubie
822 5117 900 5183 tam
928 5113 1029 5184 vivis
1067 5107 1255 5182 coloribus
1293 5108 1481 5208 depinxit,
1522 5115 1565 5182 ut
1600 5113 1778 5208 egregiae
1816 5107 1919 5182 illius
1953 5133 2043 5182 nar-

385 5243 544 5314 rationis
571 5224 766 5312 materiem
795 5263 936 5338 genero
964 5237 1172 5338 praeberet.
1211 5237 1346 5334 Neque
1369 5261 1520 5336 causes,
1549 5236 1650 5336 quod
1673 5245 1712 5310 et
1734 5241 1860 5336 ipsum
1878 5236 2042 5311 tribunis

386 5372 424 5442 in
460 5373 688 5468 magistratu
725 5367 893 5465 gerendo
929 5372 1158 5464 permissum
1190 5372 1272 5442 erat
1300 5366 1364 5465 (cf.
1392 5366 1486 5440 Plin.
1514 5389 1572 5465 ep.
1598 5366 1655 5464 ΙΙ,
1685 5366 1751 5464 16)
1780 5369 1878 5468 egit,
1909 5392 2044 5468 pueros
