5332 6738
1184 812 1232 886 39

380 1073 445 1173 (of.
474 1073 634 1149 Hiibner
662 1095 756 1148 mus.
784 1073 905 1146 Bhen.
933 1071 1009 1170 XI,
1038 1095 1071 1170 p.
1101 1072 1120 1142 1
1151 1072 1267 1170 sqq.),
1295 1073 1433 1170 quibus
1460 1072 1559 1146 bello
1587 1079 1721 1146 contra
1736 1069 1898 1146 Civilem
1926 1079 2037 1170 gesto

380 1203 428 1276 II.
455 1201 638 1294 Adiutrix
675 1207 884 1276 accessisse
919 1200 1089 1299 put-anda
1124 1207 1184 1274 est
1211 1199 1281 1298 (cf.
1310 1199 1531 1276 Grotefend.
1565 1201 1688 1274 annal.
1717 1201 1836 1274 Rhen.
1865 1199 2037 1298 XXXII,

381 1356 415 1430 p.
444 1335 491 1406 ’Π
530 1332 640 1430 sqq.).
691 1331 790 1404 Nam
827 1329 927 1428 quod
962 1355 993 1402 a.
1021 1331 1080 1404 83.
1121 1329 1229 1403 diaeo
1272 1329 1309 1402 ia
1347 1343 1413 1403 tres
1439 1343 1558 1427 portes
1591 1329 1736 1404 armcitu
1757 1329 1922 1420 ‘incasit
1961 1353 2037 1402 non

383 1485 537 1560 semper
563 1460 709 1534 factum
737 1483 822 1534 esse
850 1458 916 1532 sed
942 1445 1122 1554 superante
1154 1481 1293 1532 numero
1328 1459 1496 1532 hostiurn
1532 1463 1615 1557 ipse
1650 1464 1813 1558 scriptor
1849 1458 2038 1557 significat

382 1613 413 1662 c.
441 1589 501 1662 35.
555 1587 690 1685 Neque
717 1586 929 1661 mirandum
958 1594 1035 1687 est,
1064 1613 1150 1662 cum
1178 1587 1305 1662 nullus
1332 1587 1413 1662 fere
1441 1596 1639 1687 praeterea
1666 1588 1817 1662 hostilis
1846 1593 2038 1662 exercitus
2167 1683 2170 1689 Ι

382 1721 420 1790 in
449 1721 564 1791 armis
593 1723 712 1816 esset,
740 1715 1021 1814 Vespasianum
1049 1721 1114 1814 qui
1142 1740 1235 1790 suaa
1262 1722 1383 1815 ipsius
1417 1716 1560 1816 laudis,
1597 1741 1709 1814 quam
1744 1717 1831 1791 inde
1866 1724 2039 1816 reporta-

381 1855 493 1921 verat
519 1870 664 1922 memor
690 1871 781 1945 prae
807 1844 965 1942 reliquis
993 1849 1199 1943 provinciis
1227 1850 1468 1945 praecipuam
1484 1847 1703 1921 Britanniae
1730 1873 1884 1946 operam
1914 1847 2038 1944 dabat,

382 2000 629 2074 summosque
657 1976 773 2052 duces
800 1981 838 2050 in
866 1999 947 2050 eam
977 1978 1128 2048 mittere
1156 1973 1319 2073 solebat,
1356 1981 1470 2049 etiam
1499 1979 1708 2050 exercitum
1744 2000 1830 2049 cum
1864 1999 2039 2075 praeser-

381 2109 451 2180 tim
473 2103 541 2178 IX.
568 2104 667 2203 legio
695 2108 823 2202 inopia
849 2104 1011 2177 militum
1040 2103 1230 2178 laboraret
1253 2105 1301 2201 (c.
1320 2104 1400 2203 26),
1428 2105 1556 2178 addita
1577 2105 1728 2204 legione
1747 2111 1913 2204 auxisse,
1941 2129 2039 2203 quae

382 2234 638 2310 aDomitiano
655 2233 817 2310 Suebico
846 2233 944 2308 bello
974 2244 1180 2307 commorto
1209 2242 1369 2308 avocata
1396 2235 1778 2333 sit(Henzen.676ti)
1819 2235 2041 2333 Impeditior

384 2369 558 2464 quaestio
587 2371 646 2438 est
672 2362 719 2437 de
746 2363 1024 2438 cohortibus
1053 2363 1339 2438 auxiliariis,
1373 2363 1470 2437 Cum
1491 2369 1590 2436 enim
1617 2390 1757 2463 magna
1783 2369 1838 2439 rei
1865 2365 2040 2438 militaris

383 2497 630 2568 commutatio
650 2491 760 2567 bellis
784 2491 1039 2567 aDomitiano
1061 2501 1100 2566 et
1113 2493 1277 2566 Traiano
1291 2498 1413 2591 gestis
1432 2494 1535 2567 facta
1553 2503 1667 2593 esset,
1696 2500 1809 2570 exiis
1829 2496 2040 2570 cohortium

383 2623 599 2697 nominibus
626 2645 725 2721 quae
761 2626 800 2695 in
835 2623 975 2696 tabulis
1008 2622 1193 2696 honestae
1227 2645 1324 2719 quas
1361 2622 1491 2697 dicunt
1526 2627 1719 2700 missionis
1753 2650 1936 2700 annorum
1968 2627 2041 2698 104

383 2751 447 2824 vel
476 2751 549 2824 103
578 2749 764 2848 (Hermen.
780 2751 910 2848 5443).
949 2751 1020 2824 106
1049 2751 1202 2849 (Lyaeus
1228 2750 1332 2850 reliq.
1347 2750 1515 2824 Britann.
1543 2753 1645 2850 plate
1664 2752 1712 2851 Ι).
1754 2755 1828 2827 134
1856 2753 2041 2850 (Henzen.

385 2879 506 2978 5455)
536 2887 878 2954 commemorantur
904 2879 998 2953 solis
1026 2885 1119 2953 certi
1154 2879 1248 2954 nihil
1283 2879 1494 2978 colligitur,
1535 2905 1556 2954 e
1583 2881 1739 2978 reliquis
1767 2882 1914 2956 illorum
1942 2890 2042 2955 tcm-

386 3030 519 3106 porum
545 3005 697 3106 tabulis,
724 3008 833 3082 velut
857 3008 908 3081 80
928 3009 1114 3106 (Henzen.
1135 3009 1265 3106 5418).
1293 3009 1341 3082 85
1366 3008 1514 3107 (5430).
1543 3009 1591 3085 86
1614 3010 1765 3108 (5433).
1795 3011 1868 3084 106
1892 3011 2042 3109 (6857).

388 3139 462 3209 110
476 3136 625 3235 (5443).
656 3137 730 3209 114
743 3137 862 3234 (6857
877 3138 910 3236 ⁸)
937 3138 1032 3212 illud
1049 3145 1210 3236 tantum,
1238 3162 1336 3236 quae
1363 3144 1401 3212 in
1417 3139 1626 3238 Pannonia,
1654 3140 1806 3239 Iudaea,
1834 3140 1952 3214 Dacia
1974 3164 2044 3214 no-

386 3270 598 3364 minantur,
631 3291 654 3338 a
678 3257 900 3340 Britannico
928 3272 1098 3341 exercitu
1126 3267 1259 3364 procul
1291 3267 1487 3342 habendas
1523 3291 1616 3341 esse.
1670 3266 1841 3342 Certiora
1878 3268 1925 3341 ab
1960 3274 2042 3367 ipso

386 3395 520 3469 Tacito
550 3394 771 3494 edocemur,
809 3399 936 3470 omnia
963 3395 1167 3494 Agricolae
1194 3397 1337 3472 auxilia
1365 3421 1385 3470 e
1413 3395 1563 3497 Galliis,
1592 3395 1812 3496 Germania,
1847 3399 2044 3472 Britannia

388 3523 592 3622 desumpta
617 3524 964 3621 Britannorumque
986 3523 1166 3622 plerosque
1192 3529 1214 3598 i.
1242 3551 1272 3600 e.
1299 3551 1481 3624 magnum
1515 3551 1711 3601 numerum
1740 3529 1861 3603 fuisse
1890 3529 1938 3626 (c.
1966 3529 2043 3628 33).

387 3653 612 3727 Hiibnerum
642 3657 776 3752 igitur,
804 3679 888 3727 com
910 3653 1181 3728 Britannorum
1208 3655 1332 3729 nullas
1360 3660 1397 3728 in
1425 3657 1549 3730 insula
1577 3656 1754 3730 cohortes
1781 3658 1965 3732 militasse
1992 3662 2046 3732 ait

388 3783 439 3880 (l.
457 3783 478 3856 l.
506 3807 541 3881 p.
568 3783 654 3882 ⁴26),
690 3783 825 3856 fefellit
852 3787 988 3881 opinio.
1042 3783 1105 3858 Sic
1142 3789 1181 3858 in
1207 3785 1405 3858 Pannonia
1439 3785 1517 3882 ipsa
1547 3785 1766 3883 eprrooincia
1799 3785 1882 3860 lacto
1914 3787 2046 3864 acatia

388 3918 733 3988 commemorantur
751 3911 935 4011 annXll,
950 3913 1009 3985 39.
1036 3913 1214 3988 Peditum
1229 3921 1356 3988 autem
1376 3915 1519 3989 auxilia
1534 3923 1619 3989 octo
1632 3916 1753 4014 milia,
1782 3922 1952 4013 equitum
1972 3923 2046 3992 tria

388 4041 494 4114 milia
518 4048 670 4140 praeter
690 4041 745 4113 IV
762 4041 843 4114 alas
867 4041 998 4137 (c.3‘l)
1025 4041 1147 4114 luisse
1175 4042 1273 4116 idern
1302 4047 1464 4142 scriptor
1490 4045 1622 4119 retulit
1648 4069 1678 4120 c.
1696 4048 1754 4119 35.
1795 4045 1902 4136 Quae
1929 4052 2046 4145 igitur

388 4175 427 4243 in
454 4170 595 4244 tabulis
610 4169 841 4244 Britannicis
869 4170 1046 4243 cohortes
1074 4174 1157 4244 sive
1176 4169 1370 4246 Gallorum
1399 4178 1481 4248 sive
1497 4157 1772 4250 Germanorum
1800 4200 1885 4251 esse
1913 4177 2047 4252 dicun-

388 4309 469 4397 tur,
498 4324 566 4374 eae
592 4303 666 4373 nisi
694 4305 925 4374 contrarium
952 4299 1104 4398 probari
1131 4306 1287 4401 poterit,
1315 4302 1520 4401 Agricolae
1541 4308 1661 4403 copiis
1683 4305 1870 4378 addantur
1888 4314 2046 4404 oportet.

389 4426 520 4524 Atque
565 4453 662 4525 quae
708 4453 730 4500 a
769 4431 935 4506 vetustis
980 4428 1163 4503 militibus
1203 4429 1362 4505 Batavis
1400 4432 1663 4533 Tungrisque,
1713 4459 1810 4532 quos
1856 4435 2047 4512 tacueras

389 4555 616 4631 cardiomum
634 4583 671 4630 c.
701 4559 758 4632 18.
787 4559 954 4656 appellat
987 4563 1150 4657 scriptor
1178 4558 1242 4657 (cf.
1269 4559 1386 4659 XIV,
1415 4561 1502 4661 29),
1540 4560 1826 4660 distinguuntur
1859 4564 2047 4664 cohorteS,

389 4711 458 4784 per
486 4685 711 4760 Germanias
739 4687 960 4785 Galliasque
988 4693 1225 4787 conscriptas
1254 4713 1356 4787 esse,
1384 4691 1579 4788 praeclara
1599 4691 1807 4789 Usiporum
1835 4690 2048 4766 deiectione

390 4842 421 4890 o.
449 4817 507 4890 38.
539 4817 726 4890 docemur.
766 4816 847 4888 lam
873 4816 958 4890 illas
986 4822 1163 4892 novimus
1191 4823 1357 4918 quinque
1384 4822 1507 4896 fuisse
1535 4821 1802 4920 (nequeenim
1831 4847 1860 4894 c.
1876 4823 1934 4894 36.
1962 4846 2047 4896 cum

353 5035 355 5038 ¹
391 4946 540 5020 Rittero
568 4970 749 5020 numerus
777 4951 844 5044 qui
873 4944 1015 5019 excidit
1040 4945 1275 5022 Batavorum
1312 4949 1525 5024 cohortium
1553 4951 1702 5050 quinque
1735 4952 1801 5027 scd
1835 4965 1901 5026 tres
1936 4959 2049 5028 resti-

391 5074 558 5150 tuendus
586 5084 646 5148 est
672 5100 694 5149 c
720 5075 882 5173 vulgata
917 5076 1097 5174 lectione,
1133 5081 1187 5150 ita
1220 5084 1348 5151 tamen
1382 5087 1427 5154 ut
1461 5105 1537 5154 non
1569 5095 1636 5156 trae
1662 5081 1873 5157 Batauorum
1907 5083 2050 5158 colrortes

392 5205 458 5279 sed
488 5211 661 5279 extrema
687 5204 864 5279 vocabuli
892 5209 1056 5303 proximi
1084 5206 1229 5306 syllaba
1253 5215 1425 5307 ,repetita
1451 5210 1664 5286 Batavorum
1690 5211 1834 5286 cohortes
1859 5227 1925 5288 tres
1955 5217 2050 5288 scri-

391 5335 533 5432 batur).
581 5334 685 5408 lnter
713 5358 808 5430 quas
835 5334 862 5406 l.
890 5334 1131 5433 Tungrorum
1167 5337 1326 5411 miliaria
1352 5338 1426 5412 fuit
1455 5339 1639 5436 (Hermen.
1669 5342 1789 5439 5443)
1817 5343 1862 5414 ll.
1890 5343 2054 5417 miliaria
