5332 6738
1441 880 1491 954 30

635 1144 808 1238 equitata
834 1139 1022 1238 (Hiibner.
1049 1167 1083 1240 p.
1106 1141 1175 1238 42)
1202 1144 1224 1214 i.
1253 1166 1283 1215 0.
1312 1137 1481 1239 peditum
1510 1136 1704 1236 DCCLX,
1732 1144 1903 1238 equitum
1930 1139 2076 1214 CCXL.
2122 1139 2294 1216 Batavo-

636 1293 720 1342 rum
750 1269 926 1342 cohortes
954 1276 1032 1346 tras
1060 1273 1331 1367 quingenariae
1358 1268 1536 1342 videntur
1562 1268 1702 1365 hrisse,
1730 1291 1828 1366 quae
1863 1267 2001 1343 additis
2027 1267 2195 1368 Tungris
2225 1274 2297 1344 tria
2383 1265 2388 1278 ’

637 1397 740 1470 milia
767 1398 951 1472 ducentae
978 1402 1182 1496 sexaginta
1207 1399 1348 1472 militas
1371 1398 1556 1472 afliciunt.
2315 1423 2402 1488 3230

740 1527 813 1600 Hie
841 1531 921 1600 sia
955 1526 1087 1606 tabula
1114 1527 1260 1602 Neratii
1287 1525 1478 1623 Marcelli,
1514 1547 1612 1623 quaa
1645 1532 1772 1600 aetate
1807 1529 1983 1624 proxima
2015 1525 2062 1600 ad
2089 1526 2295 1626 Agricolae

638 1655 918 1754 expeditionem
959 1656 1120 1755 accedit,
1160 1655 1327 1730 Gallicae
1363 1655 1716 1752 Germanorumque
1757 1655 1935 1729 cohortes
1975 1655 2177 1755 adieceris,
2226 1656 2296 1732 has

638 1787 720 1859 fere
756 1789 944 1884 reperies,
983 1810 1005 1858 0
1032 1785 1157 1859 Gallia
1181 1785 1341 1884 Belgica
1373 1792 1412 1858 01
1438 1782 1642 1858 Germania
1675 1785 1852 1859 inferiore
1885 1783 1948 1882 (cf.
1977 1785 2074 1858 Plin.
2108 1794 2182 1859 nat.
2210 1785 2296 1861 hiet

639 1913 706 2012 IV,
731 1913 823 2012 106)
852 1938 1002 1988 omnes:
1027 1913 1211 2014 Morinos,
1240 1912 1453 2013 Gugemoe,
1481 1912 1584 1985 lV²⁸¹²¹
1600 1913 1827 2012 Lingonum,
1855 1913 2066 2013 Baetasios,
2094 1912 2187 1987 Ham
2209 1915 2297 1990 Fri-

639 2047 854 2140 siavonum,
877 2042 1070 2140 SunucOS,
1102 2043 1265 2116 Nervios
1289 2044 1441 2140 (omitto
1470 2046 1569 2115 enim
1586 2041 1807 2140 Vangiones
1831 2067 1851 2115 0
1875 2041 2080 2116 Germania
2102 2048 2298 2142 superiore

640 2179 775 2270 postea
801 2177 845 2245 ut
872 2172 1022 2246 videtur
1055 2171 1324 2270 transvectos).
1380 2169 1487 2260 Quae
1524 2178 1670 2268 septem
1706 2171 1884 2245 cohortes
1919 2161 2192 2270 quingenariae
2224 2197 2298 2247 nu·
2317 2189 2402 2254 3500

640 2325 785 2374 merum
821 2306 1061 2374 vetustarum
1097 2301 1291 2399 paulisper
1327 2307 1524 2399 superant,
1566 2300 1704 2397 quibus
1732 2301 1861 2375 addita
1899 2301 2042 2375 auxilia
2069 2299 2217 2375 Gallica
2259 2311 2298 2378 et

642 2427 869 2504 Germanica
900 2415 966 2504 VI.
1003 2429 1112 2504 DCC.
1153 2429 1226 2503 LX
1265 2429 1428 2503 militum
1477 2429 1673 2534 officiunt,
1722 2429 1870 2521 Quibus
1916 2455 1994 2504 una
2034 2431 2171 2506 cohors
2211 2430 2299 2505 Bri·

642 2564 795 2633 tannica
831 2561 993 2634 miliaria
1018 2560 1082 2635 vel
1109 2560 1183 2634 duo
1211 2563 1484 2658 quingenariae
1512 2561 1545 2633 si
1572 2565 1835 2658 accesserunt,
1873 2558 1991 2634 habes
2019 2567 2165 2658 septem
2194 2560 2298 2634 milia
2319 2577 2402 2642 1000

642 2693 907 2787 septingentos
936 2693 1139 2788 sexaginta
1172 2690 1330 2787 milites,
1367 2695 1483 2786 atque
1518 2693 1550 2760 ei
1578 2687 1734 2761 Tacitus
1771 2688 1930 2762 alteram
1958 2689 2199 2787 Tungrorum
2233 2712 2299 2762 co·-
2340 2707 2403 2770 240

643 2817 790 2892 hortem
819 2823 1027 2916 equitatem
1055 2820 1176 2892 fuisse
1204 2818 1345 2893 oblitus
1373 2825 1451 2918 eet,
1485 2824 1570 2916 ipsa
1593 2818 1659 2891 illa
1686 2825 1771 2891 octo
1809 2843 1906 2916 quae
1942 2823 2160 2893 numeravit
2186 2819 2299 2893 milia.

747 2949 949 3022 Difficilior
976 2929 1149 3046 quaestio
1178 2955 1238 3022 cet
1264 2947 1311 3022 de
1349 2952 1588 3047 equitatu,
1637 2953 1745 3022 cuius
1784 2951 1977 3047 ingentem
2018 2947 2298 3022 multitudinem

643 3078 826 3177 Agricola
852 3103 938 3152 cum
966 3078 1142 3176 prudenti
1171 3078 1326 3150 consilio
1355 3076 1485 3151 hostes
1521 3079 1701 3176 celasset,
1740 3079 1886 3151 facturn
1921 3083 1982 3150 001
2013 3084 2057 3151 01
2090 3077 2216 3151 subita
2243 3075 2298 3172 lV

644 3208 789 3282 alarum
816 3212 1032 3281 incursione
1058 3219 1181 3307 qtmato
1203 3188 1357 3307 sanctus
1382 3220 1658 3299 0000000οα01,
1695 3206 1927 3282 1001000100
1952 3207 2072 3306 pulsos
2107 3207 2144 3281 ia
2168 3209 2300 3308 sapam

643 3335 796 3410 0110100001
822 3335 871 3432 (0.
899 3336 977 3433 31).
1025 3333 1134 3426 Quae
1161 3342 1323 3434 quatuor
1359 3337 1442 3410 alae
1477 3337 1548 3410 hae
1574 3337 1697 3410 fnisse
1724 3335 1902 3410 videntur
1929 3359 1950 3409 e
1978 3333 2103 3411 Gallia
2129 3361 2173 3410 00
2202 3334 2300 3409 Ger-

642 3471 770 3539 mania
804 3489 954 3539 omnes:
985 3465 1032 3539 Il.
1061 3464 1255 3539 Gallorum
1293 3465 1504 3542 Sebosiana
1538 3465 1723 3563 (Henzcn.
1750 3491 1785 3539 n.
1814 3467 1926 3540 5442.
1953 3473 1992 3541 01
2029 3467 2150 3540 annal.
2178 3465 2298 3542 Rhen.

642 3594 762 3694 XIII,
797 3620 831 3693 p.
860 3597 927 3695 16)
955 3596 981 3668 L
1009 3595 1250 3696 Tungrorum
1279 3595 1364 3693 (ib.)
1398 3603 1436 3668 01
1471 3599 1544 3669 0101
1575 3596 1686 3670 fallor
1712 3595 1893 3670 Petriana
1919 3596 1985 3693 (ib.
2013 3621 2048 3694 p.
2077 3598 2144 3695 11)
2183 3603 2299 3693 atque

643 3731 710 3799 aut
743 3724 939 3798 classiario
972 3732 1039 3798 aut
1074 3724 1233 3798 Indiana
1267 3724 1462 3822 (Hiibner.
1497 3731 1535 3798 et
1569 3725 1736 3798 Hermen.
1763 3724 1800 3797 ll.
1827 3726 1900 3825 ll).
1954 3724 2062 3815 Quae
2103 3730 2220 3825 igitur
2259 3729 2298 3798 in

644 3851 821 3926 cornibus
857 3852 1086 3926 auxiliorum
1127 3857 1201 3926 tria
1234 3852 1340 3926 milia
1375 3859 1545 3950 equitum
1580 3854 1766 3929 collocata
1805 3857 1979 3955 fuerunt,
2025 3856 2117 3930 mihi
2146 3855 2298 3953 quidem

644 3989 795 4080 praeter
833 3982 1012 4081 Tungros
1052 3987 1091 4055 in
1130 3983 1328 4057 Britannia
1368 3987 1583 4080 conscripta
1622 4005 1708 4058 essa
1747 3983 1948 4084 videntur,
1996 3989 2110 4058 trium
2152 3984 2297 4059 alarum

643 4135 848 4208 earumque
876 4112 1122 4188 miliariarum
1149 4137 1306 4186 numero
1336 4155 1377 4166 -
1410 4119 1449 4185 01
1476 4113 1638 4212 legimus
1666 4113 1764 4188 alam
1779 4113 1953 4188 Flaviam
1980 4120 2002 4188 1.
2016 4139 2046 4187 0.
2067 4113 2299 4212 Vespasiani

643 4248 769 4314 aetate
796 4245 1051 4340 conscriptam
1079 4243 1277 4316 miliariam
1292 4267 1322 4314 0.
1339 4244 1422 4314 114.
1449 4246 1485 4315 10
1515 4243 1795 4340 expeditionem
1824 4247 1979 4318 missam
2008 4269 2092 4318 esse
2109 4243 2298 4341 (Hermen.

643 4369 787 4468 685'i·)
811 4411 869 4470 ·-,
898 4395 994 4470 quas
1008 4371 1165 4446 Tacitus
1180 4371 1286 4446 nulla
1298 4373 1539 4472 Tungrorum
1559 4379 1705 4448 ratione
1726 4373 1856 4448 habita
1876 4374 1979 4447 solas
1999 4377 2178 4472 respexit.
2214 4373 2299 4445 Hos

643 4502 809 4572 enimin
836 4504 959 4598 prima
992 4505 1071 4574 acie
1105 4507 1308 4599 propterea
1343 4501 1550 4575 collocasse
1577 4501 1730 4576 videtur
1758 4503 1958 4602 Agricola,
1998 4509 2087 4601 quia
2113 4506 2297 4576 covinna-

642 4631 783 4701 riorum
811 4635 969 4726 aspectu
997 4634 1122 4704 minue
1149 4632 1400 4706 terrebantur.
1453 4633 1513 4704 De
1540 4634 1703 4707 classe
1730 4657 1750 4706 e
1779 4633 1884 4707 clade
1918 4659 2002 4706 ann.
2032 4634 2089 4705 10.
2116 4635 2299 4706 restituta

643 4757 709 4854 (01.
736 4757 822 4832 hist
849 4756 923 4857 IV,
952 4759 1019 4858 19)
1048 4759 1147 4856 quod
1177 4760 1299 4834 dicam
1335 4785 1410 4836 non
1446 4761 1588 4861 habeo,
1625 4765 1698 4837 nisi
1724 4762 1811 4838 inde
1838 4763 1937 4837 alam
1965 4763 2068 4836 illam
2096 4759 2299 4860 aliquando

643 4889 859 4987 suppletam
899 4912 1003 4986 esse,
1045 4913 1143 4988 quae
1183 4896 1341 4990 reperiri
1381 4898 1606 4990 potuerunt,
1656 4891 1857 4990 diligenter
1897 4893 2051 4992 collegit
2091 4892 2300 4967 Hiibnarus

643 5018 664 5090 l.
692 5017 714 5090 l.
740 5044 775 5119 p.
803 5020 861 5094 to.

745 5145 940 5246 Insignem
977 5151 1095 5246 igitur
1134 5147 1182 5222 ad
1216 5157 1384 5224 montem
1421 5150 1631 5248 Graupium
1667 5153 1866 5227 victoriam
1903 5151 2078 5225 000184.
2116 5157 2300 5225 autumno

643 5275 693 5374 (c.
721 5275 789 5375 38)
823 5283 1053 5377 reportavit,
1094 5303 1180 5354 cum
1213 5277 1456 5355 Domitianus
1492 5279 1634 5356 bellum
1668 5287 1800 5354 contra
1843 5280 1973 5354 hattoe
2007 5281 2182 5380 gerebat,
2222 5304 2299 5378 qno

641 5404 848 5504 Agricolae
875 5413 1050 5506 tempora
1074 5407 1314 5482 definiuntur.
