5332 6738
1457 853 1505 925 32

1379 973 1551 983 ι---...-..-

650 1079 843 1204 putandus
871 1112 938 1179 est.
979 1105 1125 1205 Magna
1146 1115 1274 1181 autem
1302 1131 1428 1182 rerum
1456 1115 1616 1184 mutatio
1639 1109 1771 1183 eodem
1791 1109 2050 1206 proximisque
2072 1108 2182 1178 annis
2203 1104 2308 1178 facta

652 1240 721 1331 est,
749 1257 835 1307 cum
863 1234 1049 1309 seditione
1078 1235 1236 1309 Antonii
1263 1235 1457 1312 Saturnini
1493 1265 1524 1312 a.
1552 1240 1610 1313 88.
1639 1239 1704 1336 (cf.
1733 1235 1918 1310 Tillenunt.
1948 1234 2087 1309 Domit
2117 1241 2242 1307 annot.
2272 1235 2306 1307 8.

651 1361 874 1436 Mommsen.
901 1388 934 1461 p.
964 1365 1056 1462 120)
1085 1387 1270 1462 oppressa
1303 1372 1453 1466 magnis
1488 1369 1534 1442 ad
1562 1367 1781 1441 Danubium
1817 1365 1988 1440 cladibus
2024 1369 2191 1463 acceptis
2226 1365 2309 1438 for-

651 1493 788 1563 tissimi
815 1490 923 1565 ducis
951 1492 1180 1566 desiderium
1208 1518 1231 1566 a
1256 1492 1379 1591 plebis
1407 1497 1623 1571 rumoribus
1643 1494 1691 1570 ad
1710 1495 1894 1594 palatium
1915 1517 2037 1590 usque
2056 1495 2309 1591 pervenisset,

651 1623 827 1717 princeps
855 1627 982 1694 autem
1010 1626 1194 1720 propositi
1229 1629 1496 1701 tenacissimus
1531 1632 1568 1700 in
1606 1652 1651 1700 ea
1686 1628 1876 1698 sententia
1911 1629 2099 1720 maneret,
2136 1628 2182 1696 ut
2214 1622 2309 1696 nulli

562 1735 567 1744 ’
650 1756 824 1822 veterum
838 1749 1066 1848 Vespasiani
1094 1751 1231 1826 ducum
1259 1777 1366 1827 arma
1392 1755 1639 1854 legionesque
1667 1752 1844 1828 traderet.
1899 1751 2123 1849 Equorum
2150 1775 2308 1826 numero

651 1901 767 1952 unum
795 1879 907 1953 laude
934 1879 1069 1953 bellica
1096 1880 1238 1953 clarum
1262 1886 1373 1979 quasi
1399 1907 1461 1957 res
1482 1906 1603 1956 novas
1633 1883 1829 1957 moliretur
1854 1886 1894 1955 in
1916 1879 2131 1980 ipsoAsiae
2148 1903 2311 1979 procon-

652 2005 781 2080 sulatu
802 2007 922 2081 occidi
948 2011 1131 2107 iusserat,
1159 2032 1244 2082 cum
1273 2010 1320 2082 ad
1349 2009 1509 2084 eundem
1536 2010 1719 2084 honorem
1729 2009 1937 2109 Agricolae
1965 2015 2134 2108 aspirare
2161 2009 2310 2084 licebat.

652 2133 743 2209 Fuit
768 2139 802 2210 is
831 2135 919 2210 Sex.
948 2133 1066 2212 Ciuica
1096 2136 1255 2212 Cerialis
1284 2137 1332 2236 (c.
1363 2138 1431 2236 42)
1467 2138 1595 2237 (sequi
1632 2143 1731 2212 enim
1768 2138 1896 2214 licebit
1922 2138 2125 2237 Borghesii
2159 2142 2312 2212 coniec-

651 2272 777 2339 turam
812 2292 836 2338 a
861 2265 1010 2340 Renier.
1038 2266 1085 2340 ad
1113 2290 1198 2365 opp.
1225 2267 1301 2366 ΙΙΙ,
1338 2294 1372 2366 p.
1403 2270 1476 2342 184
1503 2269 1775 2368 propositam),
1817 2271 1882 2365 qui
1917 2268 2078 2366 legionis
2104 2266 2151 2340 V.
2178 2267 2313 2341 Mace·

653 2393 810 2469 donicae
849 2395 1000 2494 legatus
1041 2400 1079 2470 in
1115 2395 1214 2470 bello
1251 2395 1403 2470 ludaico
1443 2423 1473 2471 a.
1510 2399 1569 2471 61.
1602 2397 1740 2470 fortem
1779 2403 2054 2492 strenumnqne
2094 2394 2228 2470 ducem
2269 2419 2312 2469 se

653 2529 906 2622 praestiterat.

755 2653 891 2752 Itaque
917 2653 1038 2728 adrat
1063 2654 1135 2728 iarn
1160 2679 1272 2729 annue
1298 2677 1363 2752 quo
1386 2654 1749 2751 proconsulatum
1775 2652 1917 2754 Asrt'cce
1942 2665 1973 2726 61
1998 2652 2104 2726 Arica
2130 2650 2313 2726 emtiretur.

657 2781 767 2873 Quod
796 2789 895 2858 enim
922 2783 968 2857 ab
996 2783 1175 2884 Augusto
1203 2789 1453 2858 constitutum
1481 2790 1562 2858 erat
1590 2785 1836 2881 quinquennii
1872 2785 1972 2856 inter
1999 2781 2238 2856 consulatum
2274 2787 2314 2855 ct

656 2911 965 3009 proconsulatum
992 2913 1234 2988 intervallum
1262 2913 1414 3010 (ctDio
1429 2911 1583 3011 C.1.111,
1613 2912 1700 3012 14),
1728 2938 1751 2984 a
1768 2911 1920 2985 Tiberio
1948 2917 2143 2984 crescente
2171 2909 2314 2984 suffec-

655 3047 782 3114 torum
809 3041 1007 3116 consnlnm
1034 3066 1191 3116 numero
1219 3046 1273 3116 ita
1299 3042 1487 3140 prolatum
1517 3048 1593 3140 est,
1634 3047 1679 3116 ut
1715 3065 1762 3114 ne
1798 3047 1887 3114 ante
1914 3038 2139 3113 decennium
2173 3062 2314 3112 consu-

656 3169 756 3243 lares
791 3174 1007 3269 provincias
1050 3175 1293 3271 sortirentur,
1335 3196 1380 3246 ac
1418 3172 1642 3270 plerumque
1681 3176 1779 3244 inter
1818 3170 2005 3244 decimum
2047 3175 2085 3241 et
2125 3167 2312 3242 decimum

656 3303 812 3373 tertium
840 3324 864 3371 a
890 3299 1090 3373 consulatu
1118 3323 1259 3372 annum
1274 3301 1495 3375 consulares
1515 3300 1576 3375 his
1590 3299 1738 3375 duabus
1758 3302 1964 3398 provinciis
1978 3297 2315 3396 proconsularibus

658 3433 840 3526 praeponi
867 3428 1000 3503 solitos
1028 3452 1114 3502 csse
1140 3427 1240 3503 nube
1276 3430 1535 3527 exemplorum
1573 3437 1757 3528 congesta
1791 3434 1856 3527 qui
1894 3432 2040 3526 primus
2067 3426 2209 3502 Tiberii
2246 3425 2314 3499 de-

658 3564 802 3632 cretum
831 3562 1020 3656 sagaciter
1047 3557 1228 3632 odoratus
1261 3567 1321 3632 est
1347 3557 1583 3656 Borghesius
1612 3557 1799 3631 stabilivit
1825 3581 1909 3654 opp.
1924 3555 1991 3653 IV,
2018 3582 2053 3654 p.
2082 3557 2166 3630 536.
2195 3555 2252 3629 cll.
2265 3553 2314 3652 11,

658 3711 691 3784 p.
721 3686 907 3786 131111,
934 3710 968 3785 p.
997 3690 1055 3762 61.
1086 3689 1168 3761 191.
1197 3689 1281 3761 292.
1298 3688 1338 3786 ¹).
1391 3686 1466 3778 Qui
1493 3691 1612 3786 igitur
1644 3687 1893 3786 plurimorum
1928 3709 2114 3760 armorum
2141 3710 2164 3758 a
2190 3688 2315 3782 magi-

658 3821 781 3888 stratu
816 3820 939 3914 spatio
975 3817 1185 3916 distabant,
1227 3817 1322 3890 duas
1354 3821 1570 3914 provincias
1601 3815 1891 3914 proconsulares
1923 3813 2188 3888 sortiebantur.
2226 3811 2313 3904 Quo

658 3944 942 4044 cnmAgricola
969 3971 999 4018 a.
1022 3948 1081 4019 ll.
1108 3945 1266 4020 functus
1294 3951 1397 4020 esset
1424 3950 1464 4020 et
1489 3947 1593 4018 auo.
1619 3944 1864 4020 tredecimum
1893 3970 1916 4018 a
1943 3945 2145 4018 consulatu
2173 3967 2313 4016 annum

658 4082 807 4174 ageret,
834 4082 916 4148 tum
931 4075 1016 4174 lege
1038 4073 1086 4148 ad
1102 4079 1338 4148 sortitionem
1353 4081 1514 4148 vocatus
1530 4081 1598 4148 cst.
1635 4073 1746 4165 Quod
1770 4083 1898 4148 autem
1920 4072 2167 4148 aDomitiani
2181 4076 2313 4146 amicis

659 4209 825 4280 monitus
852 4230 894 4279 se
923 4208 1126 4278 excusavit
1152 4214 1267 4302 atque
1292 4208 1332 4277 in
1359 4204 1452 4278 urbe
1475 4210 1513 4278 61
1542 4209 1619 4278 6116
1649 4227 1802 4278 manere
1830 4205 1974 4302 maluit,
2003 4209 2159 4276 secutus
2188 4209 2247 4275 est
2276 4209 2314 4275 et

659 4334 873 4432 aequalium
910 4331 1147 4431 quorrmdam
1184 4335 1399 4434 exemplum
1429 4334 1573 4434 (642)
1603 4342 1642 4409 61
1666 4334 1720 4409 M.
1747 4334 1881 4433 Lepidi
1909 4359 1940 4408 a.
1969 4335 2027 4407 21.
2057 4317 2162 4432 (Tac.
2191 4332 2315 4405 annal.

658 4461 734 4560 111,
762 4461 841 4560 32).
894 4461 994 4553 Quid
1022 4462 1124 4561 qnod
1157 4467 1271 4537 etiem
1298 4463 1461 4538 lbaiano
1489 4468 1700 4563 imperante
1728 4463 1883 4538 Salvius
1908 4461 2095 4536 Liberalis
2122 4455 2313 4558 sunuel

654 4614 783 4689 pruma
799 4590 978 4691 sarrvs.
1006 4589 1337 4667 PROVINCIAE.
1365 4591 1534 4667 ASIAE.
1563 4592 1635 4668 SE.
1662 4590 1967 4666 EXOVSAVIT
1996 4589 2219 4688 (Borghesi.
2245 4587 2315 4686 111,

626 4769 629 4776 -
659 4745 693 4819 p.
724 4722 808 4794 118.
847 4720 966 4819 mc).
1027 4719 1157 4817 Atque
1192 4720 1453 4821 Domitianus,
1493 4726 1559 4820 qui
1597 4718 1822 4795 ructuatione
1858 4719 2108 4818 prudentiaque
2134 4716 2316 4815 Apricolcc

659 4849 862 4940 leniebatur,
899 4853 973 4947 ipsi
1002 4849 1153 4948 quidem
1180 4876 1228 4924 ne
1254 4851 1416 4926 alterum
1444 4849 1597 4949 quidem
1624 4849 1865 4924 consulatum
1892 4849 2045 4948 tribuit,
2082 4847 2149 4922 sed
2176 4848 2213 4921 id
2242 4851 2315 4921 viri

771 5154 797 5243 ¹)
820 5155 876 5223 Sic
897 5155 933 5222 C.
957 5154 1065 5221 Galba
1087 5155 1201 5221 consul
1222 5177 1251 5220 a.
1274 5156 1325 5219 22.
1347 5175 1431 5220 curro
1453 5175 1508 5219 uro
1531 5157 1550 5218 i.
1573 5174 1601 5219 6.
1624 5176 1653 5219 a
1670 5156 1721 5220 36.
1745 5154 1837 5239 (Tac
1860 5157 1965 5221 annal
1985 5155 2048 5238 v1,
2068 5159 2123 5238 40)
2143 5155 2316 5240 proauus

660 5280 712 5334 est
734 5271 839 5334 serari
856 5267 1108 5352 prcocruulotum
1118 5266 1223 5351 (Suet
1236 5265 1332 5333 Galb.
1355 5268 1397 5348 3).
1419 5267 1516 5347 Quod
1540 5267 1704 5351 quomodo
1727 5266 1792 5333 dici
1814 5271 1974 5353 potuerit,
1999 5268 2141 5335 Werius
2163 5267 2315 5352 imperite

658 5385 804 5447 miratur.
