5332 6738
1187 915 1209 986 ‘l

1095 1034 1299 1042 ——u-——u——n

371 1172 419 1248 ad
446 1178 680 1273 postremum
707 1174 806 1246 reici.
859 1170 996 1268 Itaque
1032 1194 1148 1268 quum
1176 1195 1274 1245 anno
1304 1173 1363 1246 97.
1390 1180 1555 1248 exeunte
1582 1177 1750 1272 graviter
1776 1177 2018 1248 contionatus

373 1308 496 1402 esset,
522 1305 654 1401 primis
681 1304 848 1399 proximi
874 1303 963 1376 anni
989 1298 1183 1374 mensibus
1205 1324 1289 1374 eam
1308 1326 1422 1400 quam
1441 1307 1565 1376 animo
1580 1302 1780 1377 imbiberat
1795 1301 2019 1378 Sallustiani

373 1435 524 1530 generis
545 1430 831 1506 admirationem
853 1427 900 1502 ad
919 1429 1101 1502 historiae
1121 1428 1413 1504 conscribendae
1433 1430 1646 1506 rudimenta
1663 1431 1867 1508 transtulit.
1907 1429 2019 1522 Quod

372 1563 466 1642 fecit
492 1563 625 1658 primis
654 1563 742 1632 anni
770 1557 829 1632 98.
862 1556 1067 1632 mensibus.
1111 1557 1210 1630 Nam
1245 1563 1318 1632 etsi
1344 1563 1542 1634 verissime
1569 1559 1739 1636 Nabeenaa
1765 1560 1877 1659 (Tac.
1901 1559 2021 1660 Agri·

374 1689 505 1788 colap.
519 1688 586 1788 14)
617 1695 656 1762 et
670 1712 790 1787 nuper
807 1687 1071 1761 Mommsenus
1099 1686 1279 1784 (Hermes
1292 1687 1360 1777 III,
1388 1712 1422 1785 p.
1439 1689 1531 1788 106)
1558 1693 1798 1788 monuerunt,
1825 1696 1940 1790 caput
1959 1691 2019 1762 44.

376 1843 452 1894 non
488 1825 577 1892 ante
603 1817 757 1893 Traiani
792 1821 1045 1916 principatum
1079 1821 1101 1890 i.
1130 1838 1160 1889 e.
1194 1823 1282 1915 post
1315 1825 1476 1893 mortem
1501 1817 1654 1893 Nervae
1690 1817 1803 1893 scribi
1838 1823 2020 1918 potuisse,

375 1955 504 2022 tamen
530 1969 605 2023 non
621 1946 723 2020 ultra
749 1951 891 2045 primos
916 1945 1019 2028 illius
1047 1949 1134 2020 anni
1161 1967 1312 2020 menses
1339 1946 1476 2021 librum
1502 1954 1673 2022 nostmm
1689 1947 1919 2022 reiciendum
1935 1969 2020 2022 cese

376 2099 397 2149 e
424 2077 616 2173 prooemio
644 2079 909 2174 consequitur,
951 2099 1026 2174 quo
1053 2084 1092 2150 et
1117 2085 1209 2150 tuna
1241 2081 1404 2176 primum
1432 2077 1480 2151 ad
1508 2073 1748 2150 scribendum
1781 2099 1823 2148 se
1859 2078 2021 2173 accingit

375 2205 532 2278 Tacitus
570 2210 608 2278 et
643 2202 896 2303 pulcherrima
931 2203 1153 2304 gradatione
1189 2217 1212 2279 'a
1244 2210 1422 2280 restituta
1446 2205 1598 2279 Nervae
1632 2204 1814 2279 beneficio
1846 2203 2022 2279 libertate

376 2332 424 2407 ad
470 2337 729 2431 praesentium
777 2339 991 2431 temporum
1039 2334 1261 2410 felicitatem
1309 2342 1423 2432 atque
1468 2334 1515 2408 ad
1558 2357 1664 2432 spem
1706 2332 1753 2407 de
1798 2331 1928 2407 futura
1966 2336 2022 2406 rei

376 2460 551 2563 publicae
577 2462 699 2562 gloria
726 2467 765 2534 et
791 2465 996 2538 securitate
1023 2468 1200 2563 assurgit.
1240 2463 1298 2540 Ac
1325 2464 1538 2538 libertatern
1566 2462 1718 2560 quidem
1744 2459 1875 2535 Nerva
1895 2459 2021 2534 XIIII.

375 2591 421 2664 K.
448 2588 600 2665 Octobr.
636 2615 668 2664 a.
704 2591 762 2662 et.
802 2594 960 2690 imperio
995 2581 1174 2690 suscepto
1214 2597 1436 2668 restItuerat
1478 2591 1552 2689 (ci.
1585 2590 1733 2664 Heruen.
1767 2593 1877 2664 inser.
1912 2589 2022 2663 5436.

378 2719 604 2794 Mommsen.
631 2719 726 2794 anal.
744 2722 801 2793 14.
827 2725 867 2794 in
880 2721 964 2796 Ber.
988 2721 1021 2796 d.
1043 2721 1165 2796 siche.
1180 2719 1266 2796 Ges.
1287 2720 1320 2796 d.
1335 2721 1455 2796 Wiss
1485 2721 1592 2794 1850.
1619 2744 1653 2818 p.
1673 2720 1767 2817 3003
1792 2719 1889 2792 Plin
1915 2722 2023 2817 epist

378 2847 450 2948 IX,
479 2849 538 2947 13,
564 2850 627 2949 4),
652 2854 783 2948 itaque
809 2856 985 2924 votorum
1012 2855 1264 2950 nuncupatio,
1292 2875 1389 2948 quae
1408 2873 1477 2951 pro
1496 2854 1724 2947 imperatore
1746 2852 1785 2922 et
1811 2845 2024 2945 republica

380 2977 441 3053 die
467 2978 532 3052 III.
559 2979 725 3053 Ianuarii
751 2982 790 3052 in
803 2977 988 3077 Capitolio
1016 2981 1099 3054 fieri
1125 2979 1289 3081 solebat,
1316 2982 1500 3080 proximis
1520 2976 1648 3052 verbis
1674 2979 1895 3076 respicitur,
1926 2997 2024 3073 quae

381 3130 498 3206 quum
524 3111 606 3182 voti
631 3105 747 3182 robur
772 3131 860 3183 eum
893 3106 1032 3182 fiducia
1067 3112 1309 3183 coniunctum
1345 3113 1657 3206 commemorant,
1693 3108 1846 3205 egregie
1871 3103 2026 3178 Traiani

379 3240 608 3336 principatui
634 3261 708 3311 non
736 3242 791 3312 ita
810 3237 954 3336 pridem
974 3243 1068 3312 inito
1088 3237 1328 3336 respondent.
1344 3279 1391 3290 —
1417 3235 1547 3336 Atque
1569 3233 1670 3332 quod
1687 3234 1822 3308 dehac
1844 3235 2027 3330 prooemii

381 3365 590 3466 elegantia,
618 3363 657 3440 id
684 3363 731 3439 de
757 3372 839 3441 toto
865 3364 992 3441 llbello
1020 3368 1236 3468 praedicare
1262 3367 1362 3468 licet,
1388 3391 1485 3466 quae
1499 3366 1697 3442 obscurius
1724 3363 1937 3462 significata
1960 3368 2027 3436 aut

382 3497 611 3592 exquisitus
639 3500 836 3570 enuntiata
862 3519 947 3572 esse
971 3496 1175 3598 yideantur
1202 3521 1266 3596 ea,
1304 3501 1338 3572 si
1371 3501 1455 3594 quis
1490 3518 1617 3570 rerum
1652 3494 1817 3590 aliquam
1852 3493 2026 3565 notitiam

382 3623 430 3698 ad
455 3622 658 3700 verborum
684 3628 1037 3724 interpretationem
1063 3627 1254 3727 attulerit,
1287 3626 1467 3725 pleraque
1502 3629 1590 3722 apte
1623 3621 1724 3697 dicta
1757 3627 1795 3695 et
1827 3624 2026 3719 perspicue

382 3759 558 3854 exposita
582 3755 664 3830 fore
691 3763 735 3830 ut
760 3761 1005 3854 reperiantur.

483 3883 544 3958 Ita
577 3889 701 3984 patria
735 3884 939 3984 Agricolae
975 3887 1122 3961 colonia
1156 3909 1225 3960 cur
1257 3909 1288 3959 c.
1315 3887 1349 3957 4.
1381 3895 1474 3958 aetna
1509 3881 1741 3981 appelletur,
1779 3884 2028 3976 interpretum

382 4037 493 4090 nemo
521 4013 727 4114 dubitavit,
762 4014 908 4090 scilieet
941 4020 1017 4088 iam
1043 4039 1074 4088 a.
1101 4013 1163 4088 46.
1191 4019 1278 4089 ante
1305 4011 1392 4087 Chr.
1418 4039 1454 4086 n.
1480 4011 1528 4086 ab
1553 4010 1650 4086 Iulio
1676 4007 1840 4083 Caesare
1867 4005 2029 4081 deducta

383 4143 448 4242 (cf.
482 4143 626 4243 Herzop.
659 4141 805 4218 Galliae
831 4144 995 4220 Narbon.
1022 4145 1153 4220 histor.
1181 4171 1215 4244 p.
1242 4143 1329 4242 81),
1364 4142 1527 4217 illustrem
1560 4139 1699 4215 idcirco
1733 4141 1864 4213 vocari
1898 4159 2028 4212 omnes

385 4271 459 4348 sibi
484 4282 774 4373 persuaserunt,
811 4277 900 4371 quia
933 4299 1052 4348 naves
1084 4279 1269 4348 rostratas
1295 4271 1455 4346 Actiaca
1479 4273 1639 4345 victoria
1669 4277 1801 4369 captas
1826 4266 2029 4367 Augustus

383 4404 423 4474 in
450 4407 601 4499 portum
629 4409 882 4500 opportunum
909 4406 1063 4476 miserit
1115 4400 1170 4475 At
1196 4424 1288 4476 vero
1324 4401 1418 4475 haee
1451 4401 1523 4474 loci
1559 4399 1807 4474 commoditas
1843 4397 1890 4472 ad
1925 4394 2031 4470 utili-

384 4535 504 4604 tatem
540 4534 722 4628 pertinet,
763 4531 959 4629 dignitatis
1001 4539 1061 4606 est
1094 4536 1178 4631 Ipsa
1209 4531 1417 4607 incolarum
1451 4530 1629 4605 condicio.
1687 4526 1764 4619 Qui
1804 4551 1920 4626 quum
1955 4551 2030 4604 non

384 4657 511 4732 Latini
544 4665 589 4732 ut
622 4664 660 4731 in
703 4659 895 4758 plerisque
930 4659 1077 4736 Galliae
1112 4660 1268 4736 coloniis
1303 4659 1371 4734 sed
1407 4664 1512 4735 cives
1538 4659 1703 4734 Romani
1741 4665 1869 4732 essent
1915 4665 2031 4757 atque

383 4794 536 4885 praeter
562 4787 727 4862 honores
757 4788 868 4885 pleno
902 4793 984 4863 iure
1011 4789 1182 4865 Romano
1218 4789 1429 4888 gauderent
1465 4787 1531 4887 (ef.
1557 4789 1721 4886 Herzog.
1758 4811 1792 4886 p.
1820 4789 1892 4861 149
1919 4788 2031 4888 sqq),

384 4915 529 4990 facturn
551 4924 610 4992 est
628 4922 673 4991 ut
694 4925 732 4992 et
751 4921 917 5015 optimus
939 4923 1100 5016 quisque
1112 4915 1308 4993 Gallorum
1322 4918 1388 5015 (cf.
1399 4919 1533 5017 Zrcmpt
1555 4916 1771 4992 studRom.
1789 4917 1909 5016 peto
1931 4917 2031 5018 sqq.)

386 5053 425 5119 et
450 5053 613 5145 uterque
640 5071 737 5122 avus
760 5045 963 5146 Agricolae
984 5048 1103 5122 Iuliae
1130 5052 1255 5147 gentis
1281 5071 1418 5122 nornen
1444 5050 1675 5121 ascIscerent
1702 5044 1814 5119 etad
1841 5051 2034 5143 equestria

385 5197 544 5248 munera
569 5175 869 5252 admitterentur.
921 5177 1028 5251 Haec
1062 5181 1163 5256 enim
1199 5176 1270 5251 sibi
1297 5176 1433 5251 volunt
1458 5175 1576 5250 verba
1602 5200 1625 5248 a
1650 5175 1842 5250 nonnullis
1873 5175 2034 5250 addubi-

384 5309 467 5378 tata
492 5329 578 5404 quoe
604 5305 763 5406 equestria
789 5303 946 5380 nobilitas
971 5319 1019 5380 eat
1044 5329 1094 5380 sc.
1121 5329 1196 5378 non
1223 5305 1324 5380 ultra
1350 5311 1635 5406 procurationes
1662 5328 1728 5380 eos
1755 5329 1823 5403 per
1849 5306 1923 5381 loci
1943 5330 2035 5380 con-

385 5431 572 5507 dicionem
610 5439 784 5532 potuisse
820 5434 1034 5511 ascendere.
1094 5433 1225 5534 Atque
1268 5437 1521 5511 ascenderunt
1562 5435 1658 5510 alter
1692 5436 1739 5510 ab
1773 5434 1972 5537 Augusto,
2012 5462 2036 5512 a
