5332 6738
1445 851 1495 924 ‘20

646 1107 837 1206 putandus
881 1114 962 1206 est,
1002 1107 1183 1206 Agricola
1224 1133 1405 1209 prospere
1447 1118 1579 1187 contra
1618 1113 1822 1212 Brigantes
1863 1117 2068 1212 pugnavit,
2113 1109 2300 1208 aliquando

644 1235 829 1312 maioribus
869 1235 973 1334 copiis
1014 1260 1128 1335 quam
1162 1260 1254 1312 suae
1288 1239 1429 1338 legioni
1465 1247 1624 1338 eiusque
1660 1241 1811 1316 auxiliis
1848 1241 2082 1340 praefectus,
2122 1245 2162 1312 et
2200 1261 2298 1313 5555

645 1364 778 1440 55655
827 1391 871 1440 55
918 1366 1070 1465 legatus
1113 1371 1326 1465 praetorius
1363 1391 1383 1440 e
1424 1373 1620 1467 provincia
1654 1368 1827 1443 decessit.
1869 1367 2016 1466 Atque
2056 1368 2110 1442 illi
2146 1364 2298 1464 quidam

645 1495 765 1570 Iulius
791 1495 1000 1572 Frontinus
1034 1501 1236 1594 successit,
1273 1497 1379 1571 nihili
1407 1503 1506 1572 enim
1535 1522 1621 1574 esse
1648 1523 1745 1596 quae
1773 1497 1819 1572 de
1846 1502 1977 1596 ignoto
2005 1501 2184 1595 quopiam
2212 1519 2301 1570 suc-

646 1648 815 1723 cessore,
836 1630 900 1698 ut
934 1623 1018 1699 loco
1055 1650 1079 1698 5
1109 1623 1368 1700 Werbacnbomio
1396 1633 1435 1702 51
1461 1626 1601 1701 Halmio
1636 1626 1883 1726 probabiliter
1922 1631 2100 1702 restituto
2133 1649 2213 1724 555.
2243 1625 2300 1697 17.

647 1753 931 1853 subveniretur,
958 1753 1082 1828 Polam
1109 1761 1262 1830 auctore
1290 1779 1378 1829 cum
1404 1755 1489 1831 aliis
1515 1756 1628 1830 linxit
1641 1754 1848 1831 Hiibnerus
1861 1755 1884 1828 1.
1898 1755 1937 1853 1.,
1965 1752 2142 1854 prudenti
2160 1752 2299 1828 iudicio

644 1875 905 1981 5515555555,
934 1907 1047 1980 quern
1075 1882 1230 1958 honoris
1257 1909 1374 1959 causa
1399 1890 1571 1983 nomino,
1598 1886 1787 1960 intellexit
1807 1889 1846 1958 in
1870 1907 2097 1984 programm.
2112 1880 2302 1982 Gryphia-

646 2009 755 2084 walrl
783 2038 814 2085 5.
841 2010 1248 2087 MDCCCLIX-LX.
1274 2037 1308 2112 p.
1339 2016 1387 2087 10
1414 2037 1494 2112 sqq.
1528 2013 1584 2089 cf.
1610 2017 1718 2088 infra.

752 2140 971 2240 Agricolam
999 2148 1128 2215 autem
1155 2155 1369 2216 revertentem
1395 2143 1437 2218 56
1464 2142 1750 2242 [equanacum
1772 2140 2005 2240 Vespasianus
2029 2139 2116 2214 inter
2139 2136 2302 2236 55515155

646 2270 765 2346 cecicit
791 2295 842 2345 sc.
871 2295 1053 2344 censurae
1082 2276 1232 2345 nomine
1260 2297 1372 2370 quam
1401 2297 1432 2345 a.
1462 2275 1519 2346 74.
1547 2278 1685 2372 gessit,
1725 2272 1771 2346 cf.
1797 2271 1893 2344 Plin.
1919 2278 1995 2343 nat.
2022 2270 2109 2343 hist.
2136 2266 2211 2365 III,
2241 2268 2300 2341 66.

646 2401 731 2500 VII,
750 2401 833 2474 162.
858 2400 916 2474 cll.
939 2399 1139 2474 chrestom.
1160 2399 1257 2474 Plin.
1284 2425 1319 2498 p.
1331 2399 1430 2476 XIII
1444 2425 1498 2500 sq.
1520 2401 1714 2476 Censorin.
1732 2401 1789 2499 18,
1818 2423 1863 2474 ea
1883 2405 2075 2498 potestate
2094 2420 2188 2470 usus
2203 2419 2301 2494 quae

612 2585 615 2591 .
646 2527 795 2604 Claudii
811 2533 937 2634 aetate
957 2528 1249 2626 imperatoribus
1270 2528 1422 2604 videtur
1444 2553 1529 2604 esse
1553 2529 1737 2604 attributa
1761 2529 1821 2628 (cf.
1835 2528 2062 2602 Mommsen.
2083 2549 2144 2599 res
2168 2530 2301 2624 gestae

647 2656 680 2731 d.
707 2656 878 2756 Augusti
904 2683 939 2755 5.
962 2658 1046 2756 20),
1078 2657 1190 2731 simul
1218 2682 1301 2732 cum
1331 2658 1498 2732 Domitio
1524 2658 1620 2732 Afro
1648 2659 1776 2758 (Orell.
1804 2661 1878 2732 113
1907 2689 1948 2722 =
1976 2657 2117 2755 4023),
2144 2655 2300 2729 Neratio

644 2786 831 2860 *Marcello
867 2785 1058 2886 (Henzen.
1093 2788 1240 2886 5441),
1274 2787 1402 2864 Α5515
1436 2789 1539 2864 Vero
1576 2789 1668 2888 (Iul.
1695 2789 1817 2889 Capit.
1849 2789 1902 2862 M.
1936 2788 2025 2862 Ant.
2055 2788 2110 2886 1.)
2139 2786 2300 2883 aliisque

646 2915 737 2990 15515
761 2916 913 3014 condique
938 2916 1614 3015 5555155155(55551111510555.
1643 2917 1704 3018 9),
1738 2917 1786 2992 56
1821 2941 1936 3015 quam
1972 2915 2197 3014 algnitatem
2234 2920 2300 2987 aut

647 3051 828 3144 praetorii
855 3044 988 3144 (Orell.
1015 3048 1037 3119 l.
1065 3046 1086 3118 1.
1114 3053 1153 3120 51
1181 3047 1300 3146 1006)
1328 3053 1410 3122 sive
1437 3048 1630 3126 tribunicii
1657 3046 1790 3146 (Orell.
1819 3046 1938 3143 3135)
1967 3042 2299 3144 promovebantur,

648 3181 712 3277 qui
740 3203 763 3252 a
789 3177 923 3252 Tacito
952 3175 1074 3248 annal.
1099 3175 1178 3276 XI,
1205 3177 1264 3250 25.
1298 3176 1538 3251 remotissimam
1564 3177 1707 3275 5515555
1731 3189 1923 3251 senatorum
1949 3174 2205 3272 appellantur,
2233 3179 2300 3246 aut

645 3313 734 3406 post
769 3303 1036 3404 mpimtioirotum
1062 3304 1184 3403 quibua
1210 3303 1297 3380 clum'
1317 3318 1476 3402 parentes
1491 3306 1609 3406 suere,
1644 3310 1708 3404 qui
1736 3309 1818 3378 siue
1846 3303 2000 3377 1551115
2027 3305 2208 3401 patricIas
2240 3300 2300 3373 fa·

645 3434 768 3510 miliae
797 3434 1028 3530 (05511932.
1052 3435 1173 3532 3042)
1201 3439 1284 3508 sire
1311 3419 1411 3507 inter
1437 3439 1615 3532 patricios
1644 3432 2019 3530 dicuntur(Henzen.
2036 3430 2149 3504 5447.
2167 3429 2298 3526 6052).

646 3565 776 3662 Atque
790 3562 1010 3663 Agricolam
1032 3573 1072 3640 et
1098 3565 1205 3638 locus
1232 3587 1346 3662 quem
1373 3568 1472 3637 inter
1498 3570 1674 3638 vetustos
1701 3569 1897 3636 senatores
1924 3562 2156 3659 praetorium
2184 3581 2298 3631 occu-

646 3691 761 3792 pabat
789 3699 828 3767 et
862 3693 946 3768 laus
974 3718 1098 3791 quaa
1124 3691 1263 3768 Ceriali
1290 3694 1494 3768 ornabatur
1522 3692 1617 3791 (5.8
1643 3691 1801 3766 5555155
1824 3690 1936 3791 picria
1962 3692 2051 3789 551)
2079 3692 2299 3787 imperatori

645 3820 1013 3896 commendaverant.

748 3950 819 4027 Cui
846 3978 932 4028 cum
968 3958 1104 4027 exacto
1132 3951 1234 4049 quod
1260 3975 1335 4026 usu
1361 3951 1590 4050 poscebatur
1615 3956 1767 4025 triennii
1794 3950 1995 4026 intervallo
2028 3955 2103 4024 iam
2130 3949 2179 4024 ad
2206 3975 2298 4025 con-

646 4080 811 4155 sulatum
840 4085 1009 4178 aspirare
1036 4079 1101 4177 (cf.
1123 4080 1307 4179 Borghes.
1329 4079 1405 4177 IIl,
1432 4104 1467 4177 p.
1483 4080 1573 4178 113)
1600 4084 1884 4179 provinciamve
1912 4084 2142 4153 senatoriam
2170 4083 2297 4153 sortiri

645 4210 777 4284 liceret
811 4209 875 4309 (cf.
902 4211 986 4285 Dio.
1018 4209 1128 4309 LIII,
1167 4209 1254 4308 14)·,
1290 4208 1555 4308 Vespasianus
1592 4233 1684 4284 eum·
1713 4209 1845 4284 eodem
1881 4233 1980 4282 anno
2009 4210 2067 4281 74.
2098 4208 2296 4305 promacioc

645 4339 851 4440 Aquitaniae
873 4341 1082 4438 praepararit,
1107 4337 1306 4437 splendidae
1331 4336 1501 4436 imprimis
1513 4337 1689 4436 ‹liquitotr'a
1715 4338 2005 4414 administratimre
2031 4363 2073 4412 55
2097 4363 2157 4436 apa
2180 4361 2296 4413 55555·

645 4467 749 4558 latua,
786 4467 842 4542 cui
875 4467 1070 4542 (1551155551.
1123 4466 1247 4558 Quem
1280 4468 1406 4542 locum
1439 4494 1561 4568 nuper
1587 4468 1820 4568 Henmriapaiua
1852 4474 1891 4542 15
1929 4491 2015 4543 nov.
2049 4469 2171 4542 annal.
2207 4467 2296 4567 phIl.

647 4596 756 4670 1866.
783 4621 817 4695 p.
845 4598 918 4670 377
948 4619 1028 4694 sqq.
1055 4601 1109 4670 115
1137 4577 1321 4695 explicuit
1354 4604 1398 4670 ut
1425 4601 1626 4696 genetivos
1653 4597 1700 4670 ad
1734 4599 1925 4672 hominem
1952 4621 2029 4672 non
2063 4596 2111 4670 ad
2139 4601 2296 4695 provin-

645 4728 741 4798 ciam
778 4725 957 4824 referret,
1000 4725 1146 4800 scilicet
1186 4731 1276 4825 quia
1311 4751 1400 4826 spcs
1435 4727 1656 4801 consulatus
1691 4751 1778 4800 curn
1811 4725 1877 4800 illa
1911 4730 2107 4824 proviacia
2141 4730 2295 4800 minIme

646 4857 847 4928 coniuncta
881 4854 1007 4929 fuerit
1059 4853 1146 4929 Uno
1183 4863 1283 4940 enim
1312 4853 1455 4930 Galbae
1496 4855 1671 4954 exemplo
1707 4858 1773 4954 qui
1808 4860 1896 4954 post
1922 4854 2153 4952 Aquitaniae
2186 4854 2296 4952 lega-

645 4987 788 5057 tionem
816 4984 1056 5060 consulatum
1083 4983 1245 5084 adeptus
1272 4989 1341 5084 sit,
1369 4985 1462 5059 nihil
1482 4984 1642 5084 probari.
1678 4983 1735 5057 Ac
1749 4983 1917 5058 Kritrius
1938 5007 2089 5082 quoque
2104 4982 2295 5081 quandam

645 5112 957 5188 consuetudinem
970 5189 972 5192 ,
985 5114 1106 5188 fuisse
1133 5120 1268 5212 negat,
1301 5125 1339 5186 51
1365 5110 1572 5213 Aquitaniae
1591 5111 1808 5210 praepositus
1834 5111 1949 5187 corraul
1971 5112 2090 5212 fleret,
2128 5110 2294 5186 Orellius

644 5265 737 5316 vero
777 5241 926 5318 5555515
969 5248 1092 5340 inquit
1116 5244 1211 5342 soret
1249 5242 1411 5318 55555115
1445 5240 1669 5342 1455555155
1696 5242 1913 5342 provinciam
1947 5267 2023 5316 cam
2059 5255 2137 5316 ome
2170 5255 2295 5316 ceteros

643 5395 757 5446 omncs
772 5371 904 5470 ficiam,
932 5371 1027 5446 5555
1053 5371 1155 5471 155511
1174 5371 1350 5470 portando
1375 5395 1453 5446 moa
1479 5369 1629 5446 55555155
1654 5353 1919 5470 dampnarenmr.
1967 5370 2136 5444 chius
2164 5377 2296 5445 autem
