5332 6738
1448 853 1496 927 ab

644 1131 757 1207 quam
797 1111 1024 1206 magistratu
1065 1104 1236 1207 abierat,
1289 1109 1354 1182 illa
1395 1111 1582 1208 particula
1629 1135 1857 1210 properasse
1899 1113 2057 1210 dicitur,
2103 1113 2171 1188 sed
2215 1124 2302 1214 post

642 1238 743 1312 filiae
770 1239 935 1333 nuptias
989 1235 1087 1309 Nam
1115 1236 1235 1310 altero
1268 1237 1436 1310 nundino
1470 1244 1560 1313 anni
1589 1243 1648 1313 ll.
1676 1241 1896 1316 consulibus
1924 1240 2124 1316 ordinariis
2154 1243 2304 1342 Vespa-

643 1370 750 1440 siano
787 1371 825 1438 et
857 1363 945 1438 'lito
982 1362 1184 1438 suffectum
1218 1390 1302 1441 esse
1338 1375 1484 1442 certum
1517 1377 1595 1442 est:
1635 1370 1786 1467 quando
1824 1379 1952 1445 autem
1989 1372 2302 1446 consulatum

643 1500 891 1594 ingressus
931 1498 1001 1590 sit,
1041 1492 1304 1570 difficillimum
1344 1505 1403 1571 est
1443 1497 1491 1570 ad
1530 1497 1810 1572 diiudicandum
1853 1505 2056 1597 propterea
2095 1499 2196 1597 quod
2237 1505 2303 1598 qui

643 1623 873 1720 Vespasiani
913 1627 1039 1696 aetate
1081 1623 1346 1698 consulatuum
1393 1625 1484 1700 ordo
1530 1628 1648 1700 fuerit
1688 1651 1762 1700 non
1806 1634 1967 1701 constat.
2032 1626 2092 1701 Ac
2137 1632 2302 1726 primum

645 1753 796 1853 quidem
825 1778 857 1825 a.
887 1753 948 1827 69.
976 1758 1140 1847 quatuor
1166 1757 1353 1828 mensium
1391 1760 1514 1853 spatio
1550 1757 1722 1852 singulos
1757 1756 2052 1854 comprehensos
2086 1758 2208 1832 fuisse
2243 1762 2303 1830 in-

645 1889 803 1982 geniosa
829 1885 1142 1980 interpretatione
1168 1881 1406 1981 Borghesius
1432 1883 1506 1983 III,
1533 1911 1568 1983 p.
1597 1888 1681 1960 535.
1709 1911 1730 1960 e
1757 1886 1881 1961 Taciti
1907 1886 2035 1960 verbis
2062 1887 2150 1961 hist.
2176 1887 2214 1986 l,
2244 1889 2302 1962 77.

643 2013 805 2112 collegit.
857 2011 960 2086 Otho
997 2016 1095 2086 enim
1132 2035 1218 2084 cum
1252 2009 1396 2087 Galbae
1437 2021 1476 2087 et
1510 2013 1551 2086 Τ.
1579 2014 1688 2089 Iunio
1722 2019 1758 2089 in
1795 2019 2024 2114 magistratu
2061 2022 2184 2092 caesis
2220 2022 2302 2116 ipse

644 2166 730 2217 cum
757 2143 877 2216 fratre
903 2165 1026 2238 nsque
1054 2142 1101 2215 ad
1127 2141 1210 2215 Kal.
1236 2141 1399 2216 Martias
1427 2142 1667 2241 succederet,
1703 2148 1899 2241 proximos
1937 2169 2090 2220 menses
2118 2145 2302 2244 Verginio

643 2272 746 2347 Rufo
775 2278 813 2345 et
840 2270 1050 2369 Pomponio
1064 2269 1233 2368 Vopiseo
1261 2270 1484 2361 destinavit,
1512 2271 1611 2344 ceteri
1637 2272 1828 2346 comminuas
1854 2297 1895 2346 aa
1920 2273 2140 2348 destinatione
2153 2273 2303 2348 Neronis

644 2415 703 2476 aad
730 2399 861 2478 Galbae
885 2425 1057 2491 mamae,
1086 2395 1199 2475 Caelio
1226 2425 1268 2474 ue
1294 2399 1331 2472 F
1331 2400 1419 2474 temo
1445 2397 1583 2476 &Mars
1609 2402 1646 2475 ia
1668 2401 1780 2498 (Kal.)
1807 2401 1929 2495 lulius,
1956 2404 2060 2477 Arrio
2078 2405 2247 2478 Antonino
2274 2417 2304 2478 et

644 2531 759 2606 Mario
787 2528 880 2607 Cetae
913 2530 951 2604 ia
976 2527 1203 2628 Septembres,
1239 2554 1383 2628 quaerum
1403 2529 1595 2612 ⁴termites
1629 2558 1671 2605 ae
1709 2531 1863 2606 Vitelliam
1897 2533 2035 2631 quidem
2066 2533 2170 2608 vietor
2203 2534 2302 2608 imer-

644 2661 747 2734 cessit.
801 2659 909 2750 Quae
937 2664 991 2732 sic
1020 2659 1204 2757 explicuit
1230 2660 1487 2760 Borghesius,
1522 2667 1566 2734 ut
1593 2669 1777 2759 quantum
1806 2687 1855 2736 ex
1883 2663 2072 2737 ordinario
2102 2664 2303 2738 consulatu

644 2791 829 2889 reliquum
873 2796 976 2864 esset
1014 2789 1060 2862 ab
1097 2788 1251 2864 Othone
1291 2797 1550 2890 assumptum,
1589 2815 1741 2866 menses
1777 2792 1924 2866 Maium
1941 2771 1947 2784 ⁸
1962 2801 2001 2866 et
2036 2793 2189 2866 Iunium
2229 2793 2302 2868 Sa·

645 2920 744 2994 binis
779 2919 926 2994 ablatos
966 2923 1096 2992 amicis
1131 2941 1334 2993 concessos
1369 2941 1454 2992 esse
1491 2925 1693 3016 statueret,
1725 2919 1838 2992 Arrio
1866 2928 1994 2993 autem
2022 2927 2060 2994 et
2086 2919 2210 2994 Mario
2238 2925 2302 3018 qui

645 3053 751 3123 initio
795 3047 953 3122 stabiliti
993 3057 1101 3122 erant
1145 3069 1297 3120 menses
1337 3051 1583 3145 permitteret.
1643 3046 1751 3138 Quae
1797 3049 2090 3145 quadrimestria
2130 3055 2302 3148 tempora

646 3203 732 3254 cum
770 3204 800 3251 a.
838 3178 896 3250 92.
949 3185 1103 3251 servata
1154 3199 1238 3249 esse
1281 3180 1492 3252 certissimo
1530 3185 1632 3252 teste
1678 3178 1790 3250 fastis
1825 3176 2068 3251 Ostiensibus
2110 3178 2302 3275 (Hermen.

645 3337 680 3384 n.
695 3310 815 3407 6446)
843 3311 1003 3404 constet,
1031 3305 1117 3380 inde
1140 3307 1437 3404 quadrimestres
1459 3308 1681 3382 consulatus
1702 3308 1967 3406 aVespasiani
1994 3312 2151 3407 imperio
2169 3315 2302 3405 'usque

645 3437 694 3511 ad
721 3436 930 3510 Domitiani
958 3435 1188 3532 Traianique
1215 3443 1381 3509 aetatem
1407 3438 1529 3510 fuisse
1557 3437 1752 3512 contendit
1764 3437 1803 3534 ¹).
1857 3436 2000 3509 Postea.
2024 3445 2173 3535 tamen,
2202 3435 2302 3532 quod

647 3564 694 3639 ab
731 3563 913 3637 Hiibnero
951 3563 997 3660 (l.
1031 3563 1053 3634 l.
1086 3589 1121 3661 p.
1150 3564 1224 3664 55)
1263 3564 1391 3663 didici,
1436 3565 1537 3640 idem
1572 3565 1808 3664 Borghesius
1842 3565 1953 3639 valde
1994 3571 2178 3639 incertum
2218 3589 2302 3638 esse

647 3694 876 3791 Vespasiani
901 3693 1137 3789 temporibus
1165 3693 1433 3768 consulatuum
1461 3694 1629 3767 ordinem
1657 3695 1786 3769 lassus
1815 3701 1893 3791 est,
1922 3698 2080 3791 ipseque
2096 3692 2302 3766 Hiibnerus

646 3826 858 3895 trimestres
894 3823 1015 3896 fuisse
1050 3827 1276 3920 suspicatur.
1337 3823 1457 3896 Recte
1498 3823 1562 3896 ille
1603 3822 1772 3921 quidem,
1814 3827 1887 3896 nisi
1923 3823 2042 3895 fallor.
2095 3821 2193 3894 Nam
2229 3827 2303 3896 etsi

647 3951 766 4026 donec
792 3951 998 4042 thesaurus
1026 3951 1212 4026 fastorum
1249 3978 1272 4024 a
1297 3950 1511 4050 Borghesio
1539 3952 1695 4026 relictus
1731 3957 1871 4051 insigni
1905 3955 2146 4050 imperatoris
2172 3951 2303 4051 Napo-

645 4082 766 4155 leonis
796 4079 862 4154 III.
889 4081 1149 4154 munificentia
1176 4081 1334 4156 eruditis
1361 4079 1579 4154 hominibus
1605 4088 1711 4155 totus
1739 4087 1947 4179 aperietur,
1974 4086 2068 4155 certi
2096 4080 2302 4179 quidquam

646 4211 692 4286 de
720 4235 759 4284 re
786 4210 1079 4310 impeditissima
1104 4211 1296 4284 affirmare
1324 4235 1435 4285 nemo
1463 4235 1580 4284 sanus
1608 4210 1779 4309 audebit,
1817 4209 1910 4285 illud
1945 4218 2071 4284 tamen
2108 4234 2192 4284 meo
2221 4215 2302 4284 iuro

646 4338 850 4436 contendo,
877 4343 917 4412 in
933 4339 1057 4412 Taciti
1083 4338 1167 4412 loco
1197 4340 1421 4438 explicando
1442 4343 1566 4413 virum
1589 4363 1778 4414 summum
1800 4341 1950 4438 lapsum
1972 4364 2065 4414 esse.
2104 4339 2203 4412 Nam
2224 4345 2304 4437 pri-

645 4493 749 4542 mum
791 4468 943 4567 quidem
978 4491 1064 4542 cum
1099 4467 1263 4542 Othonis
1298 4468 1521 4542 consulatus
1555 4467 1603 4541 ad
1638 4467 1722 4540 Kal.
1748 4469 1911 4543 Martias
1947 4473 2189 4566 pertinuerit,
2227 4493 2301 4541 non

644 4600 774 4672 Maius
801 4604 839 4670 et
859 4599 992 4672 lunius
1007 4595 1136 4672 Caelio
1161 4605 1200 4671 et
1214 4596 1349 4671 Flavio
1378 4596 1537 4671 detracti
1565 4605 1675 4695 sunt,
1704 4599 1770 4672 sed
1798 4606 1865 4672 aut
1892 4599 1952 4671 his
1980 4604 2046 4672 aut
2073 4600 2146 4696 ipsi
2160 4596 2302 4672 Othoni

646 4726 810 4800 Martius
839 4731 878 4798 et
904 4725 1058 4823 Aprilis.
1111 4725 1209 4799 Tum
1237 4727 1424 4825 particula
1450 4728 1681 4814 disiunctiva
1707 4727 1913 4827 indicatur,
1942 4725 2093 4802 Sabinis
2121 4752 2143 4799 a
2170 4723 2302 4823 Galba,

646 4858 759 4928 Arrio
793 4854 990 4930 Antonino
1031 4862 1070 4928 et
1105 4856 1229 4931 Mario
1266 4854 1378 4930 Celso
1421 4882 1444 4929 a
1477 4857 1629 4931 Nerone
1669 4861 1918 4955 magistratus
1956 4855 2166 4928 destinatos
2208 4877 2302 4926 esse.

649 4981 822 5082 Denique
846 5009 920 5059 non
945 5007 1076 5058 omnes
1100 4990 1301 5082 utriusque
1325 4989 1507 5084 principis
1528 4985 1812 5083 designationes
1838 4991 2118 5081 enumerantur,
2146 4982 2211 5055 sed
2235 5005 2302 5054 eae

755 5297 781 5379 ¹)
803 5295 979 5382 Borghesii
1001 5299 1159 5361 rationem
1181 5299 1213 5359 in
1234 5294 1366 5360 Traiani
1389 5305 1637 5379 extremumque
1661 5295 1839 5359 Domitiani
1861 5296 2029 5378 imperium
2052 5313 2116 5356 non
2140 5289 2302 5374 quadrare

646 5418 840 5474 monuerunt
851 5407 1073 5473 Brnmbeebius
1084 5406 1126 5473 de
1139 5428 1225 5473 cons.
1237 5406 1331 5472 Rom.
1344 5416 1468 5472 mutata
1483 5443 1522 5453 -
1535 5410 1661 5471 ratione
1675 5427 1707 5492 p.
1720 5407 1767 5469 10.
1782 5415 1814 5470 et
1826 5405 2047 5470 Mommsanus
2059 5402 2200 5467 Hermes
2212 5424 2242 5486 p.
2251 5405 2302 5466 91.
