5332 6738
1514 846 1561 920 16

712 1115 947 1206 procreatam
978 1129 1185 1202 numquam
1208 1109 1296 1176 ante
1320 1112 1536 1202 praeturam
1555 1103 1622 1178 sed
1642 1108 1737 1178 viris
1761 1110 1800 1178 et
1816 1108 2017 1201 praetoriis
2038 1112 2077 1178 et
2101 1104 2364 1180 consularibus

712 1236 867 1311 arbitrio
895 1240 1107 1335 principum
1134 1235 1299 1308 conferri
1326 1233 1477 1308 solitam
1506 1255 1599 1307 esse.
1636 1233 1855 1330 Agricolam
1878 1257 1995 1307 unum
2019 1238 2058 1308 in
2079 1239 2163 1331 ipsa
2187 1239 2365 1332 praetura

712 1372 925 1440 curatorem
944 1372 1113 1438 creatum
1138 1387 1223 1439 esse
1243 1367 1298 1437 ita
1320 1361 1421 1436 haud
1443 1360 1555 1436 dubie
1570 1359 1836 1459 explicandum
1859 1369 1929 1460 est,
1957 1370 2000 1436 ut
2021 1361 2220 1436 eNeronis
2234 1364 2365 1436 amicis

712 1501 778 1595 qul
804 1505 896 1570 tunc
922 1494 1085 1570 tutelam
1112 1493 1333 1592 exercebat,
1361 1489 1520 1566 aGalba
1547 1497 1698 1566 amotus
1725 1515 1827 1590 esse,
1855 1491 2036 1591 Agricola
2058 1499 2185 1566 autem
2208 1490 2365 1565 eandem

713 1651 799 1700 oum
828 1630 1007 1723 praetura
1034 1620 1305 1696 eodemmodo
1333 1626 1578 1696 coniunxisse
1605 1620 1802 1716 videatur,
1837 1645 1911 1719 quo
1941 1620 2106 1696 Plinium
2143 1625 2364 1695 etiamtum

711 1755 946 1854 praefectum
975 1754 1111 1828 aerarii
1137 1751 1339 1825 consulatu
1367 1757 1542 1824 ornatum
1569 1773 1655 1824 esse
1683 1757 1834 1824 constat
1861 1749 1926 1847 (of.
1953 1749 2180 1823 Mommsen.
2203 1748 2365 1822 Hermes

711 1883 747 1983 Ι,
775 1907 809 1982 p.
821 1882 898 1981 90).
933 1879 1006 1957 Cui
1030 1882 1154 1955 officio
1174 1905 1260 1956 oum
1283 1887 1438 1955 strenue
1453 1885 1491 1954 et
1509 1879 1643 1954 sedulo
1662 1882 1932 1979 satisfecisset,
1958 1903 2058 1953 anno
2076 1883 2292 1976 insequenti
2307 1878 2365 1952 69.

712 2017 886 2111 privatus
912 2010 1074 2109 Martio,
1115 2015 1158 2084 ut
1185 2007 1357 2108 videtur,
1397 2031 1526 2082 mense
1560 2014 1694 2083 nuntio
1728 2011 1947 2082 tristissimo
1976 2033 2025 2081 ex
2058 2007 2152 2082 urbe
2181 2012 2365 2082 avocatus

713 2150 789 2241 est,
826 2149 947 2214 matre
977 2165 1006 2213 -a
1041 2139 1165 2214 classe
1192 2138 1410 2213 Othoniana
1434 2143 1556 2237 primo
1584 2137 1683 2212 bello
1710 2162 1828 2237 prope
1855 2137 2151 2214 Albintimilium
2186 2137 2365 2236 oppidum

712 2272 869 2369 Alpium
905 2273 1180 2344 maritimarum
1216 2274 1255 2343 in
1290 2267 1454 2366 praediis
1487 2293 1599 2342 caesa
1632 2268 1696 2367 (cf.
1730 2268 1817 2342 hist.
1850 2267 1904 2368 11,
1934 2269 2011 2368 12).
2074 2265 2160 2358 Quo
2198 2291 2284 2341 cunr
2319 2266 2367 2341 ad

711 2400 887 2476 sollemnia
905 2399 1042 2498 pietatm
1064 2404 1284 2497 properaret
1297 2397 1489 2496 Agricola,
1516 2402 1688 2497 contigit,
1714 2404 1758 2471 ut
1780 2423 1803 2471 a
1822 2397 1924 2472 bello
1942 2397 2046 2471 civili
2062 2396 2366 2472 interOthonem

712 2531 987 2628 Vitelliumque
1013 2536 1123 2628 gesto
1158 2536 1328 2603 remotus
1355 2527 1584 2626 Vespasiani
1610 2531 1769 2626 imperio
1804 2525 2034 2602 incolumem
2068 2551 2109 2600 se
2142 2531 2365 2600 reservaret

712 2657 860 2750 Quodsi
880 2663 979 2732 enim
994 2659 1140 2733 Romae
1160 2661 1376 2756 mansisset,
1402 2661 1472 2730 vix
1497 2658 1669 2732 futurum
1697 2663 1778 2731 erat
1809 2665 1854 2730 ut
1880 2681 1956 2754 qua
1988 2655 2176 2754 flagrabat
2208 2653 2368 2728 mddon's

710 2787 840 2888 gloriae
853 2788 1010 2887 crepidine
1025 2793 1064 2862 in
1080 2812 1125 2862 ea
1136 2793 1262 2862 aetate
1279 2812 1356 2884 qua
1374 2786 1535 2885 legionis
1552 2785 1743 2884 legatione
1762 2784 1901 2886 dignus
1915 2783 2128 2884 videbatur,
2145 2810 2169 2858 a
2183 2784 2366 2860 Suetonio

713 2917 875 2992 Paulino
902 2917 1109 2992 Othoniani
1135 2920 1328 2990 exereitus
1355 2914 1472 3014 duce,
1499 2919 1662 2989 cutiam
1688 2920 1728 2989 in
1740 2915 1939 2990 Britannia
1964 2919 2115 2990 iuvenis
2141 2914 2367 2988 industriam

714 3070 822 3121 suam
850 3044 1145 3146 approbaverat,
1173 3051 1240 3118 aut
1260 3045 1526 3143 neglegeretur
1547 3053 1708 3118 autnon
1730 3023 1839 3144 sequi
1861 3069 1902 3120 se
1919 3044 2124 3120 iuberetur.
2149 3021 2219 3118 Ille
2239 3048 2368 3144 igitur,

715 3201 801 3251 cum
828 3179 954 3250 neutri
981 3177 1145 3250 fortasse
1171 3178 1270 3273 parti
1297 3175 1458 3267 faveret,
1484 3178 1523 3247 in
1538 3173 1696 3272 Liguria
1717 3173 1884 3271 pmdens
1904 3172 2065 3273 delituit,
2092 3172 2211 3248 donec
2237 3196 2369 3248 mense

713 3303 812 3379 lulio
841 3311 1007 3379 exeunte
1032 3328 1162 3378 mmor
1188 3302 1415 3402 percrebuit,
1442 3303 1723 3402 Vespasianum
1743 3303 1789 3376 V.
1817 3327 1901 3377 non.
1928 3304 1997 3377 Iul.
2025 3328 2048 3376 a
2074 3301 2228 3377 Iudaico
2256 3327 2370 3378 exer-

716 3437 812 3532 citu,
838 3431 922 3506 Kal.
948 3431 1017 3507 Iul.
1043 3431 1300 3506 Alexandriae
1328 3457 1351 3504 a
1385 3431 1599 3530 legionibus
1634 3437 1903 3531 imperatorem
1939 3433 2147 3508 salutatum
2184 3456 2270 3508 esse
2303 3433 2368 3530 (cf.

715 3564 804 3639 bist
830 3561 897 3662 11,
934 3562 1012 3661 79).
1063 3561 1194 3659 Atque
1233 3567 1378 3659 sparsis
1418 3585 1486 3659 per
1520 3561 1665 3635 Gallias
1705 3563 1844 3637 litteris
1881 3561 1946 3662 (ib.
1982 3563 2050 3662 86)
2087 3565 2242 3640 tandem
2281 3572 2370 3664 post

714 3694 900 3793 proelium
928 3691 1183 3768 Cremonense
1200 3691 1378 3765 Valerius
1401 3689 1604 3790 Paulinus,
1632 3691 1906 3767 Foroiuliensis
1933 3698 2130 3792 municeps
2145 3692 2368 3792 Galliaeque

714 3823 974 3896 Narbonensis
1008 3828 1247 3921 procurator,
1282 3821 1466 3894 coloniam
1500 3820 1689 3918 praesidio
1717 3827 1918 3922 occupavit
1945 3823 2011 3922 (ib.
2037 3823 2113 3924 III,
2141 3824 2231 3924 43),
2267 3823 2368 3922 quod

716 3951 853 4027 accidit
879 3976 1010 4027 mense
1026 3950 1191 4027 Octobri.
1229 3950 1329 4024 Tum
1354 3953 1473 4048 igitur
1485 3949 1667 4050 Agricola
1692 3951 1806 4026 statim
1832 3957 1853 4026 i.
1882 3977 1912 4027 e.
1940 3961 2027 4028 ante
2040 3952 2187 4028 Vitellii
2214 3951 2368 4027 caedem

714 4087 1006 4182 ingressumque
1027 4078 1198 4155 Muciani
1223 4081 1410 4180 flagrante
1437 4084 1552 4154 etiam
1578 4086 1660 4154 turn
1687 4079 1786 4154 bello
1813 4080 1851 4154 in
1870 4093 1991 4178 partes
2003 4082 2235 4180 Vespasiani
2260 4093 2369 4156 aaut·

710 4237 849 4311 precata
874 4223 930 4286 eat.

816 4341 1029 4440 Postquam
1056 4345 1185 4414 autem
1197 4338 1401 4414 Mucianus
1422 4340 1508 4414 inde
1528 4365 1550 4413 a
1572 4338 1631 4413 die
1647 4338 1795 4413 XXIV.
1810 4365 1857 4415 m.
1872 4340 2096 4414 Decembris
2118 4365 2180 4415 res
2201 4340 2370 4416 urbanas

714 4475 949 4570 composuit,
998 4494 1097 4544 anno
1143 4473 1317 4568 proximo
1352 4471 1410 4543 to.
1445 4470 1666 4570 Agricolam
1702 4469 1751 4544 ad
1781 4469 1922 4545 dilectas
1955 4471 2105 4570 agendos
2137 4475 2258 4572 misit,
2302 4495 2370 4570 per

712 4599 863 4674 Italiam
890 4598 1148 4698 hauddubie,
1182 4622 1256 4672 non
1283 4601 1323 4672 in
1349 4598 1565 4698 Britannia,
1594 4599 1696 4696 quod
1722 4600 1821 4674 male
1848 4599 2018 4675 Wexius
2046 4627 2080 4700 p.
2110 4603 2194 4675 190.
2222 4603 2369 4701 statuit,

713 4755 801 4804 nam
830 4729 876 4805 de
909 4728 1123 4829 legionibus
1157 4728 1378 4828 supplendis
1412 4727 1618 4829 agebatur,
1659 4753 1735 4802 non
1770 4729 1818 4803 de
1846 4731 1998 4805 auxiliis
2026 4728 2261 4830 colligendis,
2288 4733 2313 4804 i.
2338 4755 2369 4804 e

713 4859 760 4935 de
788 4859 935 4936 civibus
961 4859 1145 4934 Romanis
1172 4857 1462 4934 conscribendis.
1515 4856 1628 4948 Quod
1655 4866 1693 4934 et
1719 4864 1845 4958 ipsum
1880 4865 1980 4934 inter
2006 4885 2052 4935 ea
2084 4885 2243 4935 munera
2276 4865 2370 4956 erat,

712 5013 811 5088 quae
848 4995 937 5063 ante
972 4987 1214 5062 consulatum
1248 4992 1450 5085 praetoriis
1485 4993 1579 5064 viria
1615 4988 1902 5064 mandabantur.
1962 4992 2092 5089 Atque
2128 4995 2183 5065 ita
2216 4995 2368 5065 inverso

712 5117 844 5193 ordine
869 5117 923 5191 M.
949 5115 1133 5191 Claudius
1160 5115 1323 5218 Fronto,
1361 5142 1436 5217 quo
1464 5117 1511 5194 de
1547 5118 1758 5218 disputavit
1784 5119 2022 5220 Borghesius
2057 5120 2256 5219 (memorie
2284 5114 2369 5193 dell'

711 5245 1280 5348 insa1,p.4u.annal.xvll1,
1306 5270 1339 5346 p
1357 5247 1463 5348 346),
1490 5248 1642 5322 saeculo
1670 5248 1835 5324 secundo
1862 5250 1986 5324 masma
2007 5249 2056 5324 ad
2082 5250 2285 5325 iuvandam
2305 5271 2372 5346 per

658 5352 668 5370 ⁶
712 5375 854 5451 Italiam
879 5375 1057 5474 legendum
1083 5384 1122 5449 et
1149 5389 1283 5450 amator
1303 5402 1443 5476 operum
1469 5377 1648 5476 locorumq.
1671 5377 1836 5476 publicar.
1863 5381 1938 5454 fuit
1965 5378 2369 5478 (saltemareis),
