5332 6738
677 2063 758 2198 Do
801 2062 931 2197 vita
973 2071 1033 2195 et
1075 2060 1399 2197 honoribus
1441 2019 1769 2236 Agricolae

1139 2423 1302 2460 -·<>00—

503 2779 612 2871 Quae
647 2804 769 2879 nuper
804 2779 851 2853 ab
878 2777 1035 2854 Hdbnero
1061 2805 1097 2851 v.
1124 2780 1168 2854 cl.
1195 2779 1241 2854 de
1269 2779 1425 2854 consilio
1461 2802 1535 2876 quo
1562 2779 1718 2852 Tacitus
1745 2775 1793 2850 ad
1826 2779 2044 2850 memoriam

400 2912 521 2982 soceri
548 2907 809 2984 celebrandam
832 2913 1056 3008 accesserit,
1083 2913 1138 2982 ita
1159 2907 1354 3008 disputata
1374 2915 1483 3008 sunt,
1511 2915 1555 2984 ut
1572 2907 1827 2982 laudationem
1847 2903 2045 2979 funebrem

400 3059 484 3110 esse
512 3035 790 3111 demonstraret
816 3041 855 3109 in
890 3036 977 3112 libri
1003 3039 1163 3112 formam
1190 3037 1384 3112 redactam
1413 3037 1594 3136 (Hermes
1620 3037 1660 3131 1,
1687 3060 1721 3134 p.
1748 3036 1824 3110 438
1851 3035 1965 3135 rell),
2001 3059 2047 3108 ea

397 3188 535 3238 vereor
569 3187 617 3238 ne
645 3169 855 3263 speciosius
889 3189 1002 3262 quam
1029 3170 1160 3240 verius
1196 3165 1297 3240 dicta
1324 3189 1408 3242 esse
1435 3164 1645 3240 videantur.
1696 3163 1796 3238 Nam
1831 3185 1947 3261 quum
1978 3161 2043 3236 illo

400 3293 660 3368 laudationum
688 3293 813 3368 officio
842 3301 908 3368 aut
936 3299 1102 3392 optimus
1131 3297 1292 3393 quisque
1321 3319 1341 3370 e
1368 3293 1517 3369 civibus
1543 3293 1591 3368 ad
1625 3293 1778 3392 publica
1808 3293 1945 3367 funera
1979 3299 2046 3366 aut

400 3421 447 3495 ad
475 3425 627 3520 privata
651 3427 854 3522 propinqui
879 3427 1006 3498 vocati
1034 3427 1121 3523 sint,
1147 3423 1185 3497 id
1213 3446 1305 3498 sane
1324 3429 1407 3498 viro
1422 3425 1639 3498 doctissimo
1661 3424 1773 3498 facile
1793 3421 2044 3522 concedimus,

398 3550 619 3650 Agricolam
641 3551 864 3626 etTacitum
892 3557 1055 3650 utroque
1081 3577 1238 3628 munere
1265 3554 1386 3628 fuisse
1413 3553 1673 3652 dignissimos,
1700 3552 1768 3626 sed
1793 3577 1884 3627 num
1911 3575 2046 3650 reapse

399 3685 608 3755 orationem
634 3683 763 3779 potius
791 3705 905 3780 quam
932 3705 994 3755 res
1022 3707 1044 3756 a
1071 3705 1202 3757 socero
1237 3689 1368 3782 gestas
1405 3681 1569 3757 scribere
1595 3681 1761 3757 voluerit
1787 3681 1962 3781 Tacitus,
1997 3704 2047 3756 ex

398 3815 483 3908 ipsa
523 3810 610 3884 libri
644 3812 767 3885 forma
807 3809 1049 3885 iudicandum
1085 3834 1170 3920 esse
1207 3810 1441 3884 arbitramur.
1494 3811 1538 3884 In
1575 3833 1649 3908 quo
1689 3813 1761 3884 etsi
1800 3813 2045 3908 prooemium,

398 3942 671 4038 narrationem,
712 3940 903 4039 epilogum
936 3947 1039 4014 recta
1066 3939 1273 4014 Hiibnerus
1306 3938 1499 4040 distinxit,
1538 3963 1657 4014 unum
1690 3945 1818 4013 tamen
1853 3938 2046 4038 epilogum

398 4071 581 4143 orationis
615 4092 707 4167 prae
743 4093 784 4143 se
817 4069 917 4143 ferre
954 4074 1118 4169 speciem
1153 4069 1426 4146 contendimus.
1476 4067 1535 4142 Ac
1570 4072 1867 4166 prooemium
1894 4067 2046 4166 quidem

399 4221 516 4295 quum
542 4203 665 4271 totum
689 4203 970 4295 comparatione
991 4196 1157 4272 vitarum
1185 4197 1231 4271 ab
1259 4203 1353 4295 ipsis
1380 4197 1492 4271 claris
1519 4196 1734 4272 hominibus
1762 4197 1921 4296 aliisque
1948 4203 2047 4271 anti-

398 4332 527 4424 quitus
561 4332 786 4426 scriptarum
823 4333 862 4401 et
887 4333 978 4401 tunc
1005 4353 1028 4400 a
1060 4351 1186 4401 rerum
1215 4331 1399 4426 scriptore
1426 4334 1663 4401 narratarum
1690 4351 1734 4401 ac
1759 4349 1960 4400 saevorum
1987 4325 2047 4400 fe-

398 4456 602 4554 liciumque
628 4463 842 4556 temporum
857 4456 887 4555 ¹)
916 4461 1173 4556 contineatur,
1199 4455 1345 4530 nullum
1373 4459 1560 4529 oratoriae
1586 4454 1813 4529 laudationis
1839 4457 2046 4554 vestigium

399 4585 574 4685 exhibet,
600 4609 723 4683 neque
751 4611 771 4661 e
798 4586 966 4661 moribus
980 4587 1236 4661 Romanorum
1264 4583 1343 4660 ulla
1369 4588 1408 4658 in
1435 4584 1570 4660 funere
1590 4583 1758 4658 defirncti
1781 4608 1825 4659 ac
1845 4587 2046 4683 propinqui

507 4929 532 5012 ¹)
554 4928 648 5009 Quae
669 4939 779 4994 mmen
801 4932 924 5016 optime
945 4929 1111 4994 conciliari
1132 4947 1236 5013 nuper
1258 4927 1320 4993 sibi
1340 4929 1504 5014 persuasit
1516 4927 1647 5010 Psofflta
1664 4927 2047 5014 (exegetiscb-lrritischs

398 5039 647 5127 Bemarlrungsu
669 5065 710 5106 zu
732 5041 876 5107 Tacitus’
899 5039 1054 5127 Agricola
1075 5061 1106 5125 p.
1131 5039 1197 5122 14).
1240 5037 1405 5103 Httboerua
1425 5048 1535 5106 autem
1558 5043 1610 5105 cui
1638 5061 1703 5105 non
1730 5039 1935 5127 displicuisse
1963 5062 2048 5125 quac

397 5161 473 5215 ante
496 5150 556 5216 bos
578 5161 718 5236 quatuor
738 5172 841 5216 annos
863 5150 945 5236 (Eos
962 5150 988 5230 I,
1011 5173 1041 5237 p.
1060 5151 1123 5215 564
1139 5149 1226 5234 sqq.)
1249 5149 1491 5236 disputaveram
1513 5153 1723 5218 vehementer
1745 5153 1866 5236 laetor,
1896 5173 1968 5218 cnm
1983 5155 2049 5236 soit

397 5261 483 5327 idem
505 5283 545 5327 ac
559 5263 659 5346 suerit
680 5263 863 5349 significare
887 5261 989 5342 dixit,
1017 5261 1135 5327 vellem
1158 5261 1244 5327 illius
1266 5282 1344 5328 usus
1368 5263 1553 5349 exemplum
1575 5263 1750 5330 attulisset
1784 5263 1945 5350 Equidem
1975 5285 2048 5329 cum

396 5373 566 5439 Niebubrio
588 5373 654 5455 (Kl.
680 5372 812 5441 Schrift.
837 5373 870 5456 1,
893 5395 924 5460 p.
947 5373 1025 5458 332)
1047 5373 1143 5439 facio.

1830 5489 1864 5538 1*
