5332 6738
1172 855 1217 928 ‘21
1274 863 1276 871 ’

371 1115 445 1185 etsi
479 1117 583 1185 recte
609 1109 761 1186 Mneotii
795 1117 1079 1188 annotationem
1113 1112 1469 1211 prudentissimam,
1501 1133 1596 1208 opem
1630 1105 1820 1182 menuae
1855 1131 1932 1181 oum
1963 1105 2025 1180 boc

369 1237 525 1314 mamere
543 1239 756 1314 contractam
790 1243 910 1316 titisse
945 1248 1144 1343 repetivit,
1186 1250 1314 1315 tamen
1350 1241 1584 1337 provinciam
1617 1259 1694 1310 non
1728 1239 1921 1334 regionem
1955 1233 2022 1308 sed

371 1393 511 1445 munus
541 1393 627 1445 esse
652 1371 793 1471 voluit,
829 1377 940 1470 quusi
967 1373 1180 1448 consulatui
1206 1369 1268 1444 vel
1300 1369 1484 1468 legationi
1511 1370 1711 1464 quisquam
1738 1367 1920 1464 praeponi
1954 1385 2025 1462 po-

374 1504 501 1574 tuerit.
554 1499 669 1574 Mitto
709 1501 876 1600 reliquos
908 1506 973 1600 qui
1009 1511 1078 1578 aut
1112 1509 1327 1576 structurae
1368 1495 1537 1571 membra
1571 1494 1825 1568 distorserunt
1868 1501 1936 1567 aut
1976 1489 2025 1565 od

372 1630 502 1702 varias
530 1629 785 1727 confugerunt
811 1633 1059 1706 coniecturas.
1099 1631 1157 1705 Ac
1183 1627 1382 1728 splendidae
1409 1625 1562 1726 quidem
1588 1623 1763 1724 dipndrdrb
1789 1626 2025 1722 provinciam

373 1755 507 1830 eodem
534 1756 645 1830 modo
673 1762 804 1831 vocari
832 1783 907 1858 quo
935 1759 1103 1834 coloniae
1131 1755 1350 1857 splendidae
1378 1754 1637 1855 appellantur,
1671 1753 1744 1826 looi
1778 1757 1905 1826 autem
1940 1749 2026 1848 dig-

372 1887 543 1983 nitatem,
571 1909 684 1981 quam
708 1890 822 1961 etiam
845 1885 892 1961 ad
915 1911 994 1962 rem
1018 1887 1213 1988 indiguam
1227 1885 1332 1963 Suet.
1345 1883 1464 1982 Calig.
1477 1883 1537 1955 41.
1559 1881 1742 1980 adhibuit,
1768 1880 2025 1978 incolumnis,

372 2013 599 2112 porticibus,
636 2015 839 2116 portubus,
874 2017 1032 2093 urbibus
1068 2015 1277 2116 praedicari
1311 2017 1437 2089 lexico
1471 2012 1616 2087 docent.
1668 2008 1875 2108 Splendida
1908 2013 2027 2108 igitur

373 2139 540 2239 dignitas
573 2147 655 2216 sive
692 2148 900 2219 auctoritas
927 2144 1157 2244 Aquitaniae
1196 2149 1271 2218 iam
1307 2149 1463 2242 propter
1493 2139 1749 2239 amplissimae
1785 2137 2027 2212 administra-

373 2275 490 2344 tionis
516 2277 746 2371 grovitatem
766 2279 811 2348 ut
832 2278 898 2347 uni
919 2272 1175 2349 evalidtbsimis
1189 2285 1357 2346 terrarum
1365 2270 1523 2370 portibus
1537 2269 1642 2370 (hist.
1654 2268 1728 2368 III,
1752 2268 1821 2367 53)
1835 2266 2026 2365 tribuitur,

376 2403 438 2474 eui
476 2399 621 2474 accedit
657 2401 749 2474 ordo
789 2407 1070 2501 provinciarum
1106 2425 1181 2501 quo
1224 2409 1313 2500 post
1347 2401 1441 2475 alias
1482 2401 1617 2474 ultima
1657 2406 1746 2472 aute
1787 2396 2026 2472 consulatum

375 2527 585 2626 Aquitania
612 2527 867 2604 administrari
895 2529 1050 2604 solebat.
1088 2528 1210 2604 Galba
1224 2555 1255 2604 a.
1271 2531 1328 2603 32.
1356 2530 1587 2626 Aquitaniae
1614 2551 1713 2601 anno
1741 2527 1822 2602 fere
1849 2525 2026 2624 praefuit,
2056 2575 2059 2584 ι

374 2679 466 2730 mox
493 2681 525 2731 o.
553 2659 610 2730 33.
639 2658 878 2734 consulatum
906 2661 1028 2757 gessit
1056 2655 1180 2754 (Suet.
1208 2655 1315 2731 Galb.
1343 2658 1396 2757 6).
1455 2659 1515 2732 Ita
1540 2657 1690 2732 Dubius
1718 2679 1870 2754 quoque
1883 2653 2026 2728 Avitus

375 2783 423 2858 ab
458 2809 557 2858 anno
586 2785 645 2859 58.
680 2786 833 2885 legatus
868 2791 906 2860 in
934 2787 1139 2862 Germania
1174 2788 1352 2862 inferiore
1378 2793 1402 2862 i.
1429 2813 1459 2862 c.
1496 2787 1707 2862 consularis
1745 2785 1887 2885 (annal.
1914 2784 2023 2884 XIII,

374 2917 424 2989 54
438 2915 538 3013 sqq.)
565 2921 770 3013 postquam
797 2939 828 2989 e.
842 2917 913 3014 57,
940 2915 1161 3015 utvidetur,
1190 2917 1322 2992 consul
1343 2916 1527 2993 suffectus
1546 2918 1764 3014 fuit,-autea
1777 2912 2024 3013 Aquitaniam

372 3053 526 3120 rexerat
566 3045 629 3143 (cf.
665 3046 761 3120 Plio.
796 3045 996 3146 XXXIV,
1036 3049 1096 3121 47.
1137 3048 1336 3122 chrestom.
1371 3047 1426 3123 Pl.
1466 3073 1500 3146 p.
1530 3048 1634 3146 314).
1682 3044 1767 3136 Quo
1806 3048 2024 3145 provinciae

371 3174 613 3272 praesidente
647 3175 869 3252 Zenodorus
895 3173 1082 3250 Arvernis
1109 3177 1300 3252 colossum
1320 3177 1502 3251 Mercurii
1527 3176 1638 3274 fecit,
1666 3179 1775 3249 euius
1802 3177 1928 3272 operis
1955 3195 2025 3244 ex-

372 3303 549 3378 cellentia
562 3303 705 3379 Neroni
718 3305 837 3379 Avito
860 3305 961 3379 haud
981 3303 1094 3381 dubie
1117 3313 1272 3380 auctore
1293 3304 1478 3405 probatus
1498 3305 1555 3378 ab.
1570 3329 1600 3378 a
1616 3306 1674 3378 64.
1698 3309 1719 3378 i.
1734 3327 1764 3376 s.
1786 3309 1874 3402 post
1893 3305 2025 3376 incen-

372 3432 475 3507 dium
489 3434 633 3508 Romae
656 3435 846 3508 colossum
867 3433 1039 3509 caelavit.
1083 3434 1217 3532 Itaque
1230 3433 1423 3508 Mercurio
1440 3432 1617 3533 fingendo
1642 3457 1729 3508 oum
1750 3431 1879 3506 decem
1903 3453 2023 3504 annos

369 3565 651 3660 insumpsisset,
675 3587 773 3638 anuo
788 3566 846 3638 54.
862 3571 983 3638 artem
998 3587 1177 3637 exercere
1192 3567 1318 3661 eoepit
1338 3570 1376 3636 et
1396 3561 1563 3662 praesidi
1582 3561 1817 3661 approbavit
1852 3561 1892 3634 Is
1906 3563 2024 3658 igitur

369 3688 512 3766 Avitus
539 3696 637 3766 inter
665 3717 806 3766 aunum
834 3695 892 3766 54.
919 3700 960 3767 et
980 3694 1039 3766 57.
1081 3692 1312 3789 Aquitaniae
1339 3691 1505 3790 praefuit
1530 3688 1693 3788 indeque
1713 3689 1761 3764 ud
1783 3689 2022 3764 consulatum

262 3918 265 3924 .
369 3829 531 3895 vocatus
559 3829 626 3894 est.
644 3865 688 3876 —
717 3820 823 3895 Idem
837 3821 930 3897 ordo
949 3828 988 3897 in
1010 3822 1133 3897 titulis
1154 3823 1366 3898 honorariis
1387 3825 1585 3921 reperitur,
1611 3843 1800 3918 nusquam
1814 3819 2024 3919 Aquitania

370 3948 482 4022 oliam
497 3953 732 4046 provinciam
751 3954 981 4048 praetoriam
1004 3949 1208 4050 praeeedit,
1235 3974 1386 4051 semper
1406 3954 1588 4048 sequitiu.
1622 3951 1686 4024 Ita·
1709 3948 1809 4048 apud
1836 3949 2021 4024 Boissieu.

368 4101 405 4174 p.
427 4077 486 4150 82.
513 4077 681 4177 legatum
710 4080 942 4176 Aquitaniae
969 4085 1082 4152 antea
1106 4079 1371 4177 proconsulem
1399 4078 1535 4152 Cretae
1563 4085 1602 4152 et
1628 4076 1864 4178 Cyrenarum
1899 4078 2021 4154 fuisse

367 4203 532 4304 legimus
547 4206 594 4305 ¹),
642 4211 697 4280 ita
732 4205 892 4283 Senecio
927 4208 1133 4282 Memmius
1169 4209 1369 4283 consulatu
1404 4205 1449 4283 u't
1484 4207 1669 4283 honorum
1703 4209 1877 4307 fastigio,
1918 4208 2021 4305 quod

368 4338 592 4433 saepissime
618 4337 764 4410 factum
791 4343 869 4434 est,
904 4342 1115 4436 praemisso
1149 4338 1214 4436 (of.
1241 4337 1424 4437 Borghes.
1450 4337 1526 4437 111,
1562 4362 1597 4437 p.
1626 4337 1710 4411 182.
1753 4335 1827 4437 IV,
1861 4360 1896 4435 p.
1926 4338 2020 4432 107)

895 4521 1122 4530 —---—---..—
1400 4518 1606 4528 --.—.--.a-—-—
1625 4519 2015 4530 ..—--——-—————

475 4609 501 4692 ¹)
524 4655 532 4672 .
556 4656 563 4672 .
586 4655 594 4672 .
618 4608 819 4677 CALFIDO
840 4659 848 4676 .
872 4658 910 4678 ..

523 4719 678 4788 GALLO
701 4721 821 4789 PACC
843 4771 851 4788 .
874 4771 881 4788 .
904 4771 912 4788 .
934 4731 1049 4808 qrtoeat.

521 4832 732 4899 PROVINC.
756 4829 1061 4900 MACEDONIAE
1084 4883 1092 4900 .
1115 4883 1123 4900 .
1147 4889 1154 4903 .
1174 4845 1274 4922 praet.

454 4999 457 5008 .
523 4943 680 5010 noetoitl
703 4944 814 5011 VIAE
837 4945 1058 5012 TIBVRTIN
1080 4948 1238 5014 VALER
1259 4949 1352 5016 LEG
1375 4947 1477 5016 LEG.
1500 4999 1508 5014 .
1531 4995 1539 5013 .
1563 4949 1769 5034 preconari·

521 5053 723 5122 PROVINC
747 5055 898 5122 esuri:
920 5057 981 5122 ΕΤ
1004 5059 1294 5126 OYRENARVM
1314 5061 1408 5128 LEG
1431 5083 1501 5146 uoq.
1518 5083 1570 5149 pr.
1588 5082 1640 5148 pr.
1659 5063 1798 5146 prosim.

521 5166 775 5246 AQVITANIC
798 5168 975 5237 VIIVIRO
996 5171 1189 5238 EPVLON.
1212 5164 1381 5241 SODALI
1403 5173 1598 5239 llodrionoli.

882 5265 1069 5350 crvrrns'
1085 5283 1292 5351 usmovm

475 5390 616 5455 Ultimos
639 5413 754 5458 versus
777 5395 898 5479 optime
920 5397 1064 5460 restituit
1084 5395 1208 5460 Rustica
1230 5395 1271 5463 ad
1295 5397 1455 5485 Borghes.
1478 5397 1528 5474 Π,
1550 5421 1582 5485 p.
1606 5400 1678 5464 404.
