5332 6738
1434 866 1459 937 4

513 1146 522 1173 “
618 1129 782 1203 hominis
815 1129 929 1200 venia
960 1147 1057 1222 opus
1091 1123 1238 1197 fnisset
1279 1123 1501 1196 Narratio
1528 1131 1656 1198 autem
1683 1128 1756 1199 etei
1781 1128 1822 1198 in
1848 1126 1980 1222 primis
2007 1125 2266 1219 extremisque

521 1265 552 1309 ·-
620 1255 808 1354 capitibus
835 1279 859 1326 a
883 1251 1112 1327 laudationis
1137 1250 1325 1326 brevitate
1352 1275 1427 1325 non
1455 1252 1766 1350 aliena,·tamen‚
1793 1256 1944 1326 etiamsi
1971 1275 2057 1326 cum
2083 1249 2266 1324 Hiibnero

619 1389 702 1484 ipso
725 1388 850 1482 capita
865 1383 1025 1456 10-17.
1047 1387 1241 1478 tamquam
1262 1403 1283 1454 e
1301 1379 1439 1454 studiis
1453 1385 1647 1480 scriptoris
1661 1383 1913 1480 importunius
1925 1383 2069 1452 inserta
2082 1380 2266 1474 omiseris,

573 1506 791 1612 *pluribus
811 1515 1045 1611 argumentis
1066 1509 1113 1583 ad
1133 1509 1357 1583 historicum
1380 1513 1508 1606 potius
1528 1532 1641 1606 quam
1657 1508 1924 1583 adoratorium
1949 1530 2072 1607 genus
2092 1506 2266 1580 retertur.

620 1642 839 1718 Sententiae
874 1640 1012 1714 breves
1038 1663 1083 1712 ao
1109 1663 1267 1713 severae
1302 1638 1564 1737 profenmtur:
1604 1662 1634 1711 c.
1661 1639 1695 1710 9.
1730 1636 1840 1712 Haud
1872 1661 2004 1733 semper
2036 1647 2127 1708 errat
2154 1634 2266 1733 sarno.

619 1795 648 1845 c.
660 1772 720 1844 99.
740 1769 965 1868 Iniquraeima
981 1769 1064 1842 haee
1079 1767 1238 1842 bellorum
1255 1766 1404 1841 madido
1421 1781 1469 1842 eet
1488 1767 1566 1840 rell.
1593 1791 1623 1840 c.
1639 1767 1699 1838 41.
1719 1766 1906 1864 perimunt
1921 1765 2135 1838 inimieorum
2148 1789 2266 1863 petus,

619 1899 805 1974 laudantes.
855 1924 884 1973 c.
912 1899 972 1971 49.
1002 1897 1184 1996 proprium
1208 1894 1350 1970 tomani
1374 1895 1503 1994 reperii
1527 1908 1574 1970 eat
1598 1894 1708 1970 adise
1734 1921 1835 1993 quen
1858 1894 2004 1969 merere
2044 1916 2074 1965 c
2101 1893 2161 1964 44.
2187 1916 2267 1966 vera

618 2031 705 2103 berte
716 2073 760 2082 -
772 2027 810 2100 in
822 2027 997 2102 emotas
1010 2025 1077 2100 ritu
1091 2039 1168 2099 narrt
1176 2055 1189 2115 ,·
1216 2029 1312 2098 vitia
1322 2025 1460 2121 quibus
1474 2025 1539 2098 illa
1556 2031 1662 2099 aetas
1675 2024 1883 2124 laborabat,
1901 2023 2034 2098 acerbe
2042 2027 2268 2120 vituperan-

618 2165 696 2231 tur:
723 2181 753 2230 o.
766 2157 800 2230 5.
831 2180 922 2229 more
948 2155 1106 2228 iuvenum
1132 2153 1192 2254 qai
1215 2153 1374 2228 milatium
1398 2154 1436 2226 in
1462 2153 1639 2228 banaiam
1663 2166 1802 2227 vemat
1830 2177 1860 2226 c.
1877 2156 1909 2227 6.
1937 2166 2123 2250 temporum
2146 2150 2268 2248 quidue

619 2285 741 2359 inertia
772 2309 835 2382 pro
869 2282 1038 2381 sopiertio
1060 2283 1144 2383 fuit.
1186 2308 1215 2356 c.
1244 2286 1277 2355 Ἰ.
1310 2282 1508 2357 Domitiano
1537 2325 1586 2336 -
1614 2295 1745 2356 tanum
1770 2281 1939 2356 branam
1965 2293 2160 2380 rerepente.
2213 2281 2266 2355 Ib.

619 2413 833 2511 malepotus
854 2412 1046 2510 praetor-ina
1079 2412 1128 2486 ud
1159 2411 1376 2485 reddendum
1403 2424 1540 2507 potere,
1572 2410 1735 2484 incertmn
1769 2435 1829 2486 suo
1865 2437 1912 2484 un
1945 2411 2090 2484 militum
2124 2411 2266 2510 inpetro.

620 2565 652 2615 c.
679 2541 713 2614 8.
746 2540 920 2638 phacellius
954 2565 1058 2637 quam
1084 2539 1196 2639 feroci
1223 2539 1403 2637 protentio
1435 2539 1577 2638 dipnum
1611 2554 1668 2614 est.
1710 2565 1739 2616 c.
1767 2543 1801 2614 9.
1827 2541 1970 2633 *famam
2000 2587 2044 2598 -
2081 2542 2138 2616 cui
2167 2567 2268 2640 saepe

620 2671 722 2744 dium
747 2670 826 2744 boni
851 2669 1033 2767 iudutpeot.
1074 2693 1103 2742 o
1133 2669 1189 2742 18.
1225 2683 1356 2766 tempus
1387 2670 1452 2742 otii
1472 2695 1536 2766 per
1565 2667 1813 2745 ostentationes
1839 2683 1870 2744 et
1893 2669 2079 2770 effoetum
2105 2670 2267 2745 ambitum

620 2797 819 2896 bamipuut.
860 2821 890 2870 o.
920 2799 977 2872 19.
1004 2797 1142 2870 domm
1166 2823 1267 2871 emera
1293 2799 1450 2889 coercuit,
1477 2799 1569 2897 quod
1590 2799 1761 2898 pleneque
1786 2799 1880 2874 dated
1905 2800 2020 2874 minue
2045 2799 2195 2874 arduum
2221 2813 2269 2874 est

621 2953 725 3026 potam
745 2926 960 3025 presenciam
984 2951 1107 3025 repere.
1159 2926 1213 2999 lb.
1240 2927 1446 3002 dracmam
1471 2953 1559 3026 qaae
1595 2929 1632 3002 in
1666 2941 1843 3027 qweetum
1876 2943 2010 3026 reperta
2044 2923 2123 3003 rell.
2148 2954 2181 3018 .⁰·
2209 2930 2266 3002 90.

620 3054 673 3130 vel
697 3055 833 3130 incuria
856 3054 910 3128 vel
935 3054 1111 3129 tolerantia
1131 3055 1297 3153 potorum.
1326 3080 1355 3130 c.
1370 3057 1429 3132 91.
1456 3057 1558 3155 idque
1572 3055 1669 3156 apud
1686 3057 2064 3155 impatuslamantaa
2076 3058 2267 3146 umbone,

622 3210 697 3258 cum
718 3210 806 3283 para
831 3183 999 3258 caereis
1025 3197 1115 3258 aare.
1143 3209 1174 3258 c.
1203 3185 1262 3258 95.
1288 3183 1406 3283 iprmm'
1430 3186 1539 3284 speeie
1560 3185 1781 3284 prodendum
1807 3184 2040 3258 odntooebont.
2074 3209 2105 3258 c.
2133 3186 2192 3258 99.
2219 3183 2271 3258 itti

621 3314 718 3389 modo
746 3314 837 3388 cauti
861 3339 904 3388 oc
928 3313 1095 3410 sapientes
1115 3313 1266 3411 prompti
1285 3327 1364 3411 post
1389 3328 1540 3388 eventum
1565 3341 1608 3389 oe
1632 3313 1844 3412 mupniloqui
1869 3325 1973 3387 aaut.
2007 3336 2038 3387 c.
2067 3314 2127 3388 29.
2153 3338 2270 3387 curum

621 3467 729 3541 neque
754 3455 791 3515 ut
810 3441 966 3540 plerique
990 3443 1137 3542 sortium
1170 3444 1320 3516 virorum
1353 3444 1541 3544 ambitiose,
1576 3470 1681 3544 neque
1706 3469 1774 3542 per
1808 3444 1956 3518 tomedo
1980 3486 2033 3498 —
2065 3441 2271 3517 madieber'ter

622 3571 705 3646 tulit
733 3596 762 3645 c.
776 3572 837 3644 40.
858 3569 1013 3668 plerique
1032 3571 1153 3669 quibua
1173 3595 1314 3670 mapwe
1338 3572 1428 3648 viros
1448 3598 1514 3670 per
1540 3574 1753 3648 auditionem
1778 3573 1957 3648 aestimare
1981 3597 2054 3646 awa
2079 3586 2136 3647 est.
2164 3596 2194 3647 c.
2207 3574 2268 3646 49.

622 3697 742 3776 Seiam
777 3700 898 3798 quidue
930 3699 1033 3774 morto
1067 3713 1114 3774 eat
1146 3699 1264 3774 ittera
1300 3699 1423 3774 miran'
1456 3703 1535 3776 rell
1573 3745 1620 3754 -
1660 3701 1859 3777 Accedunt
1895 3701 2149 3776 dubitationes
2184 3701 2273 3776 fidei

623 3853 748 3904 rerum
778 3834 974 3928 scriptoris
1002 3836 1298 3927 consentaneae,
1327 3830 1374 3903 ab
1400 3839 1551 3905 oratore
1583 3832 1853 3905 alienissimae:
1891 3855 1920 3904 c.
1949 3832 2007 3904 39.
2051 3829 2121 3904 rive
2156 3854 2272 3902 verum

624 3957 714 4032 istud
739 3957 810 4031 eive
836 3983 877 4031 ec
903 3958 1035 4057 iupemb
1055 3956 1226 4055 perempte
1240 3957 1364 4056 fictum
1389 3985 1431 4032 oc
1457 3960 1673 4056 compositum
1694 3972 1749 4032 eet.
1777 3983 1806 4032 c.
1821 3961 1881 4031 41.
1907 3959 1991 4032 sam
2005 3971 2140 4033 corutat.
2168 3982 2198 4031 c.
2212 3961 2273 4034 43.

623 4087 717 4161 rubro
749 4087 836 4160 nihil
869 4086 1048 4184 cornpeti3
1090 4111 1276 4161 excursus
1311 4095 1349 4160 et
1385 4094 1472 4161 ante
1510 4087 1696 4162 dictorum
1736 4088 1964 4162 recordatio:
2011 4112 2042 4161 c.
2072 4087 2128 4160 18.
2167 4112 2274 4185 secptra

623 4218 816 4290 menwravi.
845 4240 873 4289 c
902 4218 960 4289 94.
987 4213 1098 4313 Saepe
1123 4242 1164 4292 ec
1190 4241 1225 4291 eo
1252 4219 1373 4292 audivi
1397 4218 1475 4292 rell.
1502 4224 1626 4292 totum
1654 4241 1684 4291 c.
1712 4218 1771 4292 98.

726 4343 876 4443 Atque,
904 4344 1004 4442 quod
1026 4350 1184 4444 gravius
1207 4354 1282 4447 est,
1311 4347 1458 4421 dicendi
1478 4370 1600 4444 genus
1620 4350 1674 4419 ita
1693 4355 1953 4445 comparatum
1975 4352 2049 4445 est,
2076 4353 2121 4420 ut
2141 4345 2274 4420 rudem

624 4474 730 4548 illam
758 4482 796 4548 et
824 4474 1053 4549 inconditam
1079 4498 1215 4550 vocem
1249 4501 1361 4573 quam
1395 4475 1605 4550 modestius
1641 4501 1670 4550 c.
1699 4477 1731 4550 3.
1759 4481 1920 4574 scriptor
1947 4483 2122 4575 excusat,
2154 4483 2274 4550 totam

625 4602 673 4677 ad
688 4601 861 4678 Sallustii
889 4604 1148 4678 florentissimi
1174 4630 1300 4679 rerum
1328 4607 1523 4703 scriptoris
1552 4604 1768 4702 exemplum
1796 4605 2053 4679 conformasse
2081 4603 2273 4702 putandus

627 4736 686 4805 sit.
724 4731 972 4806 Manifestum
993 4738 1091 4806 enim
1107 4733 1278 4809 Sallustii
1294 4738 1542 4808 imitationem
1559 4733 1600 4806 hi
1619 4732 1692 4807 loci
1714 4733 1895 4832 produnt,
1924 4757 2082 4829 quorum
2097 4755 2275 4830 magnam

626 4867 773 4959 partem
808 4863 883 4933 iam
917 4885 940 4933 a
971 4859 1131 4960 Tepelte
1163 4866 1201 4935 in
1237 4886 1359 4960 progr.
1386 4861 1547 4961 Tubing.
1574 4861 1609 4934 h.
1637 4887 1668 4934 a.
1695 4886 1730 4959 p.
1758 4862 1817 4935 99.
1857 4861 2055 4934 collectam
2089 4864 2275 4958 reperies:

627 5014 656 5063 c.
683 4990 716 5066 d.
756 5003 892 5064 eaadoe
918 4989 1037 5064 aetatula
1063 5025 1105 5058 =
1130 4990 1211 5090 lug.
1240 4993 1282 5090 6,
1310 4993 1343 5063 9.
1382 5002 1500 5064 euecta
1531 5017 1597 5064 sua
1622 5003 1738 5064 aetate.
1792 5014 1821 5062 c.
1846 4989 1880 5066 4.
1914 4989 2021 5063 lomna
2048 5032 2099 5042 -
2125 4987 2276 5062 comitate

627 5133 658 5194 et
683 5163 733 5174 -
759 5121 973 5217 parsimonia
1007 5123 1149 5196 mictum
1176 5122 1252 5219 (cll.
1280 5147 1310 5195 c.
1337 5121 1415 5221 95.)
1442 5152 1484 5188 =
1509 5119 1591 5219 lug.
1620 5122 1667 5194 59
1677 5176 1687 5219 ,
1721 5120 1755 5193 5.
1791 5118 1868 5217 pice
1900 5131 1931 5191 et
1954 5118 2114 5216 ereptare
2139 5115 2276 5191 taedam

626 5249 778 5323 mictum.
820 5274 849 5323 c.
875 5247 906 5326 7.
940 5250 1061 5324 maluit
1092 5249 1202 5324 adae·
1234 5251 1398 5325 invectere
1432 5252 1531 5325 bonos
1566 5273 1671 5348 quam
1695 5227 1996 5348 secr'ese=1ug.¹
2024 5250 2093 5346 45,
2128 5248 2160 5320 9.
2196 5269 2276 5344 pro·

627 5377 766 5452 bibendo
804 5422 848 5433 -
885 5379 998 5477 tuapte
1032 5405 1135 5479 quum
1172 5379 1376 5454 vindicando
1417 5377 1597 5452 mentum
1631 5421 1677 5433 -
1711 5375 1927 5476 eorfimtooit.
1981 5401 2011 5450 c.
2037 5375 2072 5453 8.
2116 5373 2193 5450 Nec
2225 5417 2276 5430 -··
