5332 6738
1174 833 1224 907 15

370 1096 586 1192 promiscue
607 1095 784 1190 regiones
804 1095 1030 1189 pertinuerit
1051 1115 1098 1164 an
1123 1094 1178 1165 sia
1200 1089 1377 1166 videatur
1404 1091 1661 1190 accipiendum
1690 1115 1776 1166 esse
1803 1101 1848 1164 ut
1873 1091 2028 1192 singula

371 1226 666 1321 magistratuum
694 1220 857 1319 collegia
885 1227 1091 1318 quaternas
1117 1219 1181 1293 vel
1209 1223 1345 1318 quinas
1371 1223 1549 1318 regiones
1576 1219 1663 1294 sibi*
1683 1218 1887 1294 attributas
1922 1227 2026 1294 sorte

369 1355 470 1426 inter
496 1375 539 1425 se
566 1350 838 1425 distribuerint.

474 1479 604 1578 Atque
630 1504 710 1554 rem
738 1485 793 1554 ita
819 1503 861 1553 se
890 1477 1069 1552 habuisse
1096 1481 1341 1576 inscriptione
1368 1482 1569 1552 notissima
1594 1479 1759 1552 eflicitur
1773 1476 1905 1577 (Orell.
1920 1479 2026 1578 736),

371 1633 447 1710 qua
472 1635 548 1686 non
575 1615 824 1709 magistratus
852 1613 1020 1682 incertus
1048 1606 1117 1681 sed
1138 1619 1277 1704 praetor
1303 1605 1465 1680 caihaco
1495 1606 1585 1706 rapio
1612 1619 1699 1680 sorte
1724 1606 1906 1698 maenaa,
1943 1631 2026 1682 om-

370 1740 483 1816 nibus
510 1745 620 1815 annis
647 1740 749 1814 litari
774 1737 936 1813 iubetur.

474 1869 576 1943 Hinc
608 1873 726 1968 igitur
762 1864 1028 1966 explicandum
1065 1872 1124 1940 est
1155 1866 1257 1964 quod
1295 1863 1399 1940 basis
1435 1863 1669 1964 CapitoIIna,
1715 1888 1792 1961 qua
1825 1865 1872 1940 de
1904 1889 2027 1963 nuper

370 1999 481 2074 docta
509 2003 548 2072 et
575 2005 753 2072 accurate
767 1995 938 2070 Iordanes
965 1993 1111 2092 (nuova
1138 1999 1319 2068 memorie
1347 1993 1431 2068 dell'
1457 1999 1633 2069 instituto
1655 1995 1755 2068 arch.
1784 2020 1817 2093 p.
1834 1996 1908 2069 215
1925 1995 2024 2093 sqq.)

370 2127 600 2226 disputavIt,
629 2152 652 2200 a
678 2133 845 2224 quinque
873 2128 1071 2224 regionum
1095 2130 1376 2224 vtcomagistris
1390 2125 1584 2201 Hadriano
1613 2127 1787 2201 dedicata
1813 2136 1873 2202 est
1899 2151 1950 2202 sc.
1977 2127 2025 2203 ab

369 2261 417 2330 iis
457 2260 625 2354 quinque
669 2253 888 2354 regionibus
933 2278 1032 2352 quae
1078 2258 1161 2328 sive
1206 2259 1423 2352 praetorum
1465 2259 1546 2328 sive
1591 2255 1830 2330 tribunorum
1865 2253 2025 2355 collegio

345 2471 347 2482 Ι
371 2412 415 2462 ac
435 2386 520 2485 lege
533 2390 657 2485 magis
671 2410 783 2484 quam
806 2391 907 2458 sorte
923 2382 1129 2458 attributae
1154 2391 1266 2458 erant
1282 2384 1452 2458 locorum
1466 2388 1662 2459 vicinitate
1683 2389 2024 2460 coniunctissimas.

369 2517 397 2591 Ι.
422 2517 474 2591 X.
501 2515 610 2590 XIII.
635 2514 725 2588 XII.
750 2513 878 2587 XIIII.
918 2512 977 2587 Aa
1003 2516 1133 2587 nescio
1160 2537 1251 2586 num
1278 2512 1379 2586 forte
1407 2513 1552 2587 facturn
1580 2516 1650 2612 sit,
1680 2521 1722 2588 ut
1749 2539 1847 2612 quae
1874 2539 1923 2589 ex
1950 2515 2025 2591 illis

369 2645 589 2746 regionibus
617 2648 655 2718 in
682 2642 993 2742 inscriptionibus
1020 2649 1374 2740 commemorantur,
1401 2641 1428 2714 I.
1456 2639 1564 2716 XIII.
1590 2641 1698 2716 XIV.
1727 2643 1970 2744 (FabrntiX
1990 2645 2024 2719 8.

370 2774 521 2850 Gruter.
550 2775 660 2873 1017,
687 2775 722 2846 4.
751 2771 870 2846 Orelli
898 2771 991 2868 782)
1018 2777 1232 2872 praetoriae
1260 2796 1345 2846 esse
1373 2771 1565 2871 dicantur,
1599 2772 1738 2872 quibus
1765 2773 1862 2848 alter
1887 2775 2025 2852 titulus

369 2905 418 2980 ib.
438 2907 522 2979 736.
547 2908 621 2977 nisi
647 2903 760 2977 fallor
787 2900 982 2976 addendus
1009 2909 1077 2975 est.
1112 2901 1210 2975 Nam
1229 2925 1315 2975 cum
1332 2905 1441 2976 iuxta
1455 2902 1639 3001 templum
1654 2903 1836 2978 Mercurii
1850 2903 2025 3004 repertus

369 3033 611 3134 perhibetur,
639 3037 767 3130 potest
795 3038 833 3106 ct
859 3031 906 3104 ad
932 3029 1040 3104 XIII.
1069 3037 1108 3105 et
1134 3030 1181 3105 ad
1202 3029 1272 3104 XI.
1298 3035 1492 3129 regionem
1521 3032 1666 3134 referri,
1694 3037 1731 3106 in
1753 3058 1913 3132 quarum
1933 3057 2026 3108 con-

369 3165 460 3237 finio
483 3163 597 3237 aedes
614 3161 680 3236 illa
693 3159 912 3259 quaerenda
924 3167 993 3256 est,
1021 3183 1107 3233 cum
1129 3168 1262 3234 contra
1281 3165 1388 3258 regio
1402 3160 1469 3233 llI.
1489 3159 1688 3235 tribunitia
1706 3163 1822 3236 fuen't
1837 3156 2025 3261 (I'abrett.

369 3291 424 3393 II,
457 3293 560 3392 103).

327 3521 330 3528 Δ
472 3424 608 3522 Itaque
635 3422 768 3496 urbam
796 3425 851 3495 sic
879 3418 1120 3494 distributam
1146 3422 1230 3492 veri
1266 3419 1388 3492 simile
1426 3426 1502 3518 est,
1537 3427 1580 3492 ut
1607 3423 1784 3518 regiones
1810 3421 1837 3494 1.
1863 3417 1913 3494 X.
1937 3420 2025 3496 XII.

370 3549 478 3626 XIII.
505 3551 612 3624 XIV.
640 3575 663 3624 a
689 3549 948 3649 praetoribus,
982 3548 1050 3622 XI.
1078 3547 1181 3622 VIII.
1208 3547 1255 3620 II.
1281 3547 1348 3620 III.
1375 3547 1440 3622 IV.
1469 3573 1491 3620 a
1525 3547 1708 3648 tribunis,
1749 3556 2025 3626 remotissimae

370 3680 416 3754 V.
443 3679 509 3755 VI.
537 3679 620 3754 Vll.
647 3678 716 3754 IX.
744 3677 791 3752 ab
819 3677 1006 3752 aedilibus
1032 3685 1265 3776 regerentur.
1305 3675 1404 3750 Utut
1431 3683 1507 3776 est,
1534 3675 1716 3775 Agricola
1740 3682 1800 3752 cui
1824 3678 1930 3752 nulla
1957 3679 2028 3754 ob·

370 3818 531 3884 venerat
557 3812 650 3883 iuris
678 3807 810 3906 dictio,
839 3812 938 3881 inter
963 3811 1159 3906 regionum
1188 3812 1384 3904 praetores
1410 3805 1666 3882 numerandus
1694 3812 1776 3882 erit.

474 3937 684 4035 Postquam
705 3940 822 4034 igitur·
843 3958 972 4009 eorum
1001 3936 1177 4012 ludorum
1192 3940 1257 4034 qui
1277 3943 1365 4010 ante
1375 3933 1538 4009 Neronis
1559 3943 1720 4010 mortem
1736 3943 1757 4011 i.
1771 3963 1801 4013 e.
1823 3946 1914 4014 ante
1934 3939 1967 4013 d.
1981 3939 2027 4014 V.

370 4066 425 4141 Id.
446 4067 528 4142 Iun.
556 4089 622 4140 eos
648 4069 714 4164 qui
735 4071 770 4140 ei
790 4071 829 4141 in
849 4071 1051 4164 partitione
1076 4070 1332 4164 contigerant,
1351 4063 1528 4140 Cereales
1546 4074 1658 4166 puta,
1686 4073 1769 4142 sive
1782 4067 2028 4168 Megalenses

372 4196 435 4272 vel
454 4196 627 4270 Florales
654 4195 764 4269 medio
790 4195 932 4270 rationis
958 4208 1059 4294 utque
1081 4194 1310 4270 &andentior
1332 4200 1353 4268 i.
1370 4221 1400 4269 e.
1427 4199 1482 4269 sic
1511 4195 1719 4271 celebravit
1745 4204 1788 4271 ut
1810 4196 2029 4274 liberalitati

372 4330 494 4425 IpsIus
515 4331 698 4424 pecuniae
723 4324 896 4423 publicae
917 4329 1013 4399 ratio
1036 4331 1230 4398 constaret
1250 4323 1315 4420 (ef.
1331 4324 1424 4398 Plio.
1439 4349 1619 4424 panegyr.
1636 4325 1716 4424 38),
1739 4323 1897 4400 aGalba
1910 4325 2029 4404 electus

374 4461 434 4530 est
448 4455 495 4530 od
508 4456 601 4528 dono
614 4454 811 4552 templorum
824 4454 1102 4555 recopnoacencla,
1117 4457 1179 4528 aui
1194 4459 1341 4528 muneri
1355 4459 1535 4528 accurata
1548 4477 1662 4551 quam
1677 4478 1746 4552 per
1759 4459 2027 4554 magIstratum

373 4593 511 4660 nactus
535 4594 617 4659 erat
637 4585 806 4660 locorum
827 4584 1063 4684 publicorum
1087 4589 1302 4683 cognitione
1321 4609 1434 4683 quarn
1455 4587 1621 4658 maxime
1644 4582 2030 4662 idoneus'videbatur.

374 4712 529 4805 Quare
564 4715 707 4788 factum
748 4722 806 4788 est
832 4724 876 4791 ut
900 4714 1069 4815 pominoto
1104 4714 1245 4804 loturo,
1279 4713 1380 4812 quod
1407 4713 1454 4788 dc
1484 4737 1526 4788 se
1553 4719 1635 4812 ipse
1662 4713 1810 4790 PlinIus
1836 4716 2032 4814 praedicat

376 4843 575 4943 (panegyr.
601 4843 669 4942 92)
696 4843 846 4942 digniter
871 4843 1034 4943 diprutote
1059 4855 1248 4942 caperetur.
1290 4841 1415 4933 Quam
1442 4847 1542 4917 enim
1570 4845 1882 4942 exquisItioribus
1902 4846 2032 4922 verbis

375 4973 532 5048 TacItus
559 4973 762 5072 indicavit,
791 4999 836 5048 ea
862 4999 937 5049 non
964 4972 1264 5049 extraordInaria
1286 4977 1452 5072 cognitio
1480 4974 1554 5048 fuit
1580 4973 1647 5048 sed
1674 4974 1844 5074 legitima
1869 4976 1935 5050 illa
1949 5003 2033 5054 auro

375 5101 513 5178 aedium
539 5127 719 5178 ramorum
744 5129 884 5202 operum
910 5103 1122 5202 locorumque
1142 5102 1356 5200 publicorum
1383 5101 1601 5192 recedenter,
1630 5103 1676 5176 de
1699 5127 1774 5202 qua
1797 5109 1962 5205 egregie,
1988 5115 2034 5182 ut

374 5232 485 5329 solet,
512 5231 747 5330 Rorgh'esius
776 5237 856 5331 egit
882 5257 967 5330 opp.
994 5233 1070 5332 IV,
1107 5260 1141 5333 p.
1171 5235 1242 5307 151
1272 5257 1352 5332 sqq.
1405 5232 1606 5332 Exempbs
1638 5241 1766 5308 autem
1793 5258 1844 5308 ex
1869 5240 2034 5336 inscrip-

375 5361 545 5436 tionibus
561 5361 690 5436 docuit
705 5365 764 5434 vir
785 5362 1126 5462 praeclarissimus,
1154 5363 1257 5436 illam
1279 5363 1439 5438 tutelam
1454 5387 1503 5437 ex
1519 5368 1674 5462 antiquo
1692 5388 1891 5440 censorum
1906 5367 2034 5442 officio
