5332 6738
1185 823 1236 897 23

380 1079 541 1156 taceas
585 1078 736 1155 natalie.
777 1077 885 1151 1861.
927 1102 962 1177 p.
998 1078 1030 1152 8.
1075 1084 1210 1178 putat,
1257 1101 1280 1154 a
1314 1077 1554 1180 Vespasiano
1599 1103 1809 1182 cognomen
1860 1081 2032 1184 adeptae,

380 1216 555 1309 quartam
588 1211 895 1306 procurationem
929 1212 1210 1305 provinciarum
1236 1208 1507 1308 Lugdunensis
1543 1219 1582 1286 et
1607 1210 1861 1310 Aquitanicae
1896 1218 2033 1287 nactus

381 1338 516 1414 deinde
544 1345 767 1436 procurator
793 1361 816 1410 a
842 1335 1052 1411 rationibus
1078 1338 1206 1412 factus
1233 1346 1310 1440 est,
1336 1338 1376 1414 C.
1403 1341 1583 1416 Minicius
1610 1341 1730 1416 Italus
1757 1342 2035 1441 praefecturam

380 1489 553 1542 annonae
587 1469 735 1564 accepit
763 1463 893 1561 (Orell.
929 1465 1061 1565 3651).
1130 1467 1175 1540 15
1208 1465 1516 1566 splendidissima
1549 1474 1668 1569 igitur
1710 1469 2035 1544 administratione

382 1620 525 1696 magna
551 1593 752 1693 prudentia
777 1593 982 1693 Agricolae
1009 1619 1107 1694 opus
1132 1596 1224 1696 fuit,
1266 1621 1341 1694 qna
1375 1618 1469 1673 usus
1490 1599 1613 1697 procel
1643 1601 1686 1674 56
1719 1599 1942 1674 5555656555
1972 1599 2034 1674 ud·

379 1749 495 1800 cerac
522 1723 681 1824 collapsa,
706 1723 827 1822 procui
851 1749 875 1797 5
900 1724 1102 1800 contentione
1122 1724 1287 1802 565555
1308 1739 1544 1825 procuratores
1565 1742 1595 1802 et
1614 1728 1745 1803 aiacem
1766 1731 1832 1828 (sc
1849 1728 2034 1829 collegas)

379 1853 564 1954 ingloriam
599 1866 630 1928 ct
661 1854 760 1928 caci
792 1854 860 1952 (sc
888 1878 912 1927 a
943 1854 1270 1955 procuratoribus)
1297 1855 1474 1932 sordidam
1504 1857 1741 1934 arbitrabatur.
1793 1857 1892 1933 Nam
1918 1858 2037 1933 colle-

380 2007 515 2083 garum
553 2007 627 2081 quo
664 1987 815 2057 nornine
849 1991 893 2057 ut
928 1983 1014 2057 bist.
1049 1983 1086 2083 l,
1123 1987 1179 2058 10.
1220 1986 1357 2084 reliqui
1390 1985 1598 2062 Galliarum
1636 1987 1754 2087 legati
1787 1988 2036 2088 designantur

381 2113 607 2211 aemulatio,
634 2117 743 2187 cuius
772 2114 988 2212 exemplum
1016 2119 1053 2188 in
1068 2111 1272 2190 Germania
1290 2117 1412 2191 annal.
1425 2115 1540 2217 XIII,
1568 2119 1626 2191 54.
1654 2118 1813 2216 legitur,
1841 2141 1886 2191 eo
1912 2122 2036 2217 magis

379 2241 551 2316 cavenda
577 2249 676 2339 erat,
716 2266 831 2339 quum
869 2249 947 2316 tres
983 2248 1021 2318 in
1058 2267 1155 2341 quas
1183 2243 1308 2318 Gallia
1333 2243 1510 2320 Caesaris
1538 2245 1743 2322 distributa
1769 2253 1851 2322 erat
1871 2251 2033 2346 ¹provin·

381 2377 462 2447 ciae
489 2372 648 2447 concilio
677 2366 884 2448 Galliarum
914 2371 1014 2472 quod
1041 2373 1220 2472 Lugduni
1247 2375 1349 2473 apud
1375 2377 1557 2474 ternplum
1582 2375 1752 2476 Augusti
1779 2375 2037 2475 compluribus
2144 2402 2148 2409 ·

380 2499 669 2599 magistratibus
705 2505 932 2574 instructum
975 2501 1136 2576 florebat
1172 2502 1234 2600 (cf.
1266 2503 1389 2594 Katre,
1426 2504 1530 2579 Verf.
1565 2505 1632 2580 des
1673 2508 1763 2579 riim.
1796 2505 1939 2580 Reicbs
1988 2504 2036 2604 ll,

379 2653 415 2729 p.
442 2628 537 2726 424)
566 2633 685 2702 artius
712 2651 826 2726 quam
854 2630 1022 2727 reliquae
1051 2630 1297 2706 cohaererent
1325 2640 1439 2732 atque
1467 2637 1581 2706 etiam
1616 2637 1656 2707 in
1693 2655 1811 2708 censu
1837 2632 1985 2733 agendo
2015 2659 2038 2707 a

381 2759 640 2858 singularibus
680 2757 969 2857 magistratibus
1005 2766 1230 2835 coniunctae
1272 2769 1505 2837 taxarentur.
1559 2761 1646 2853 Qua
1682 2759 1963 2838 commodorum
1998 2768 2038 2836 et

380 2889 626 2988 vectigalium
655 2892 838 2964 societate
865 2911 909 2962 eo
937 2890 1161 2988 plerumque
1187 2895 1437 2989 imperatores
1467 2893 1620 2967 adducti
1647 2901 1748 2992 sunt,
1775 2900 1819 2968 ut
1842 2900 1910 2968 aut
1930 2893 2037 2994 duas,

380 3017 678 3118 Lugdunensem
705 3025 929 3120 praesertim
957 3028 996 3095 et
1023 3023 1309 3122 Aquitanicam,
1346 3030 1413 3098 aut
1448 3022 1577 3098 addita
1602 3023 1760 3122 Belgica
1785 3029 1865 3097 tras
1893 3021 2038 3097 Gallias

380 3152 447 3222 uni
481 3154 717 3246 procuratori
750 3147 1086 3224 administrandam
1121 3149 1322 3224 traderent.
1375 3149 1433 3224 Cf.
1468 3152 1654 3227 Boissieu.
1690 3175 1724 3250 p.
1753 3152 1837 3226 235.
1872 3151 1948 3225 240
1981 3175 2036 3250 55.

382 3277 467 3352 246.
496 3278 647 3376 25155.
675 3276 896 3352 Kcllcrnrana
910 3278 1025 3379 Vigil
1041 3305 1075 3352 n.
1089 3281 1147 3353 31.
1174 3278 1288 3354 Orell.
1316 3281 1426 3355 3331.
1455 3283 1565 3356 3651.
1592 3281 1758 3356 Η55555.
1787 3282 1897 3356 5480.
1925 3279 2036 3356 5530.

382 3408 491 3482 6642.
521 3407 630 3482 6816.
659 3408 768 3482 6928.
797 3409 908 3514 6929.
936 3409 1184 3483 69336944.
1220 3406 1330 3498 Quod
1351 3433 1400 3482 an
1420 3417 1502 3482 turn
1523 3409 1624 3484 forte
1650 3409 1793 3484 factum
1815 3414 1866 3484 sit
1892 3409 2036 3509 dubito,

381 3558 470 3608 nam
497 3534 705 3609 Domitiani
733 3536 869 3610 saltem
903 3537 1048 3612 ultimis
1082 3536 1317 3636 temporibus
1351 3541 1570 3636 provinciae
1597 3538 1829 3635 Aquitanica
1863 3545 1902 3614 et
1928 3538 2037 3639 Lug·

384 3661 583 3764 dunensis,
621 3669 712 3739 item
739 3664 903 3740 Lactora
936 3665 983 3740 ab
1018 3691 1095 3741 uno
1122 3673 1366 3766 procuratore
1394 3665 1625 3765 regebantur
1637 3667 1678 3765 ¹).
1728 3667 1892 3742 Tantum
1920 3671 2039 3767 igitur

381 3791 491 3867 abest
530 3802 591 3892 ut,
636 3793 737 3892 quod
769 3795 1056 3893 Marquardtius
1094 3805 1225 3870 nostro
1265 3796 1348 3870 loco
1390 3796 1573 3894 deceptus
1606 3796 1684 3895 III,
1724 3821 1760 3894 p.
1788 3797 1848 3870 89.
1890 3801 2037 3898 statuit,
2144 3873 2146 3877 ,

381 3921 511 4020 plures
546 3927 585 3996 in
619 3947 697 3997 una
723 3924 933 4022 Aquitania
966 3933 1232 4024 procuratores
1269 3925 1461 4002 adfuerint
1494 3933 1538 4001 ut
1570 3927 1813 4001 verisimilior
1847 3932 2038 4001 contraria

381 4057 479 4127 ratio
507 4052 690 4128 videatur.
744 4050 891 4142 Quodsi
918 4059 1153 4153 quaerimus,
1190 4054 1379 4154 quomodo
1406 4079 1429 4129 a
1455 4053 1766 4153 procuratoribus
1793 4053 1865 4128 sibi
1891 4058 2037 4130 caverit

382 4177 581 4280 Agricola,
624 4179 670 4254 65
706 4181 915 4256 minoribus
951 4183 1194 4283 cogitandum
1234 4207 1309 4258 non
1343 4207 1428 4258 esse
1463 4190 1638 4283 apparet,
1679 4187 1820 4283 quippe
1855 4189 1920 4282 qui
1960 4209 2036 4259 non

380 4314 503 4408 ipsius
538 4310 605 4385 556
641 4317 898 4410 procuratoris
934 4313 1059 4388 officio
1095 4313 1212 4387 additi
1245 4315 1400 4390 fuerint.
1462 4311 1539 4390 Sed
1577 4318 1720 4388 incerto
1756 4317 1883 4412 potius
1920 4321 2036 4412 atque

380 4438 591 4514 indefinito·
612 4440 676 4514 illo
711 4441 846 4539 plurali
881 4448 1144 4528 concinnitatis
1178 4453 1217 4520 st
1238 4443 1504 4545 amplificandi
1539 4467 1655 4518 causa
1689 4465 1785 4519 usus
1819 4450 1879 4518 est
1914 4449 2037 4542 scrip-

380 4575 460 4666 tor,
511 4592 586 4665 quo
628 4593 658 4642 c.
693 4573 727 4642 5.
774 4570 928 4646 incensus
967 4571 1113 4647 colonica
1154 4580 1193 4647 et
1242 4573 1459 4672 intersaepire
1498 4574 1659 4648 5555155
1672 4575 1704 4672 ¹)
1744 4599 1829 4648 cum
1869 4571 2036 4648 eumenia

382 4781 475 4788 -ι
483 4780 660 4786 ...-----
675 4781 694 4786 ..
729 4781 741 4785 n
811 4781 1008 4788 .—--—-.—...1.
1529 4783 1613 4789 -—.-
1622 4784 1629 4787 -
1656 4783 1668 4788 -.
1707 4783 1713 4787 -
1731 4783 1787 4788 ---
1798 4783 1814 4788 -.
1825 4782 1922 4787 .-—.
1928 4782 2031 4789 -—-.—-

492 4899 518 4981 ¹)
541 4897 578 4964 C.
601 4901 685 4964 anim
697 4897 849 4964 Minicius
872 4901 964 4966 cuius
986 4899 1100 4964 titulus
1121 4899 1165 4964 ad
1182 4920 1210 4966 a.
1222 4901 1292 4964 105.
1314 4902 1468 4984 pertinet,
1489 4909 1565 4964 ante
1587 4899 1812 4985 praefecturas
1833 4920 1981 4964 annonae
2003 4906 2037 4964 ct

382 5009 530 5098 Aegypti
551 5013 781 5096 procuratione
800 5013 997 5095 Aquitaniae
1020 5012 1152 5076 functus
1174 5021 1254 5077 erat.
1285 5011 1350 5091 Qui
1372 5033 1445 5076 cum
1467 5010 1703 5096 aVcspasiano
1727 5009 1821 5075 donis
1842 5009 2036 5078 militaribus

383 5131 518 5188 ornatus
541 5125 598 5204 sit,
621 5123 818 5188 tribunatum
842 5123 980 5210 legionis
1003 5123 1061 5188 Vl.
1084 5124 1240 5210 Agricola
1262 5123 1346 5189 duce
1369 5123 1500 5188 videtur
1521 5125 1675 5210 gessisse.

491 5234 518 5316 ²)
542 5233 593 5300 Ita
615 5237 699 5300 enim
721 5235 837 5321 procul
861 5233 960 5301 dubio
983 5257 1009 5300 c
1033 5223 1061 5300 5.
1085 5235 1289 5304 scribendum
1318 5245 1369 5302 est
1397 5257 1470 5300 cum
1492 5233 1678 5315 codicibus,
1711 5255 1849 5320 quorum
1880 5237 2035 5321 optimam

384 5344 559 5414 lectionem
581 5346 796 5413 Puteolanum
820 5350 924 5414 secuti
944 5357 1068 5416 temere
1090 5347 1234 5414 editores
1256 5357 1537 5432 contempserunt,
1569 5367 1709 5432 eamque
1734 5357 1930 5434 receperunt
1950 5366 2036 5431 quae
