5332 6738
1201 845 1224 916 9

1111 968 1173 975 -οη-
1188 965 1314 973 ..ι-...ἤ

379 1109 492 1183 lanus
527 1104 614 1182 inde
652 1106 699 1180 ab
734 1129 834 1180 anno
872 1106 930 1181 32.
964 1129 1088 1204 usque
1124 1102 1170 1178 ad
1208 1128 1239 1176 a.
1270 1102 1328 1176 38.
1381 1099 1553 1175 Africam
1591 1124 1658 1199 pro
1695 1098 1854 1174 consule
1886 1106 2041 1174 rexerat

383 1236 448 1332 (ct.
475 1233 659 1333 Borghes.
687 1233 810 1308 annal.
838 1231 924 1308 dell’
950 1239 1067 1308 instit
1095 1233 1196 1306 arch.
1226 1229 1335 1303 1849.
1363 1254 1397 1327 p.
1414 1228 1472 1303 58.
1487 1229 1517 1327 ²)
1546 1229 1603 1304 cll.
1630 1231 1780 1328 Zumpt.
1808 1227 1907 1301 stud.
1932 1227 2038 1301 Rom.

382 1391 415 1464 p.
447 1366 561 1465 137),
600 1363 701 1438 unde
744 1369 866 1463 prima
899 1371 1046 1439 aestate
1080 1363 1242 1436 Romam
1277 1350 1482 1433 reuocatus
1520 1383 1564 1432 ac
1596 1365 1755 1432 necatus
1791 1365 1851 1432 est
1890 1383 1913 1430 a
1947 1349 2063 1432 Ceio

381 1494 556 1592 Cessare,
579 1517 692 1593 quem
706 1497 923 1592 ingressum
944 1470 1135 1568 turbatius
1154 1513 1259 1563 mare
1277 1511 1355 1561 non
1370 1494 1453 1561 erat
1476 1495 1632 1586 secutus
1646 1485 1947 1586 (SuetonCalig.
1959 1487 2040 1586 23),

383 1624 484 1724 quod
509 1633 682 1723 tempore
709 1623 862 1698 hiemali
889 1631 957 1698 aut
981 1646 1101 1697 verno
1129 1620 1313 1695 accidisse
1340 1619 1500 1694 videtur.
1540 1615 1713 1716 Apparet
1739 1622 1857 1715 igitur
1877 1616 2041 1691 Dionem

382 1754 491 1853 LIX,
506 1755 539 1828 8.
567 1751 689 1828 Silani
716 1751 871 1826 caedem
898 1751 996 1826 falso
1025 1751 1073 1825 nd
1101 1775 1241 1825 annum
1265 1752 1322 1824 37.
1343 1747 1529 1823 retulisse.
1558 1745 1633 1837 Qui
1648 1771 1766 1844 quum
1788 1745 2042 1845 postMacro-

386 1907 471 1958 nem
507 1886 698 1956 interiisse
736 1880 909 1955 tradatur
936 1905 959 1953 a
987 1879 1148 1954 Philone
1175 1878 1246 1978 leg.
1275 1877 1321 1952 ad
1349 1875 1483 1950 Caium
1511 1877 1554 1974 9,
1589 1899 1712 1972 usque
1740 1873 1787 1948 ad
1814 1900 1954 1949 annum
1984 1874 2042 1950 38.

385 2012 584 2087 incolumis
611 2011 727 2084 fuerit
752 2011 975 2106 Romaeque
1003 2031 1072 2107 per
1099 2007 1252 2105 aliquod
1278 2013 1431 2105 tempus
1459 2008 1609 2078 senatui
1644 2003 1860 2078 interfuerit
1886 2025 2043 2078 necesse

385 2149 445 2216 est
480 2140 549 2240 (cf.
573 2139 647 2214 Dio
675 2139 697 2211 l.
723 2139 746 2212 l.
777 2138 863 2237 10).
916 2137 1051 2236 Neque
1087 2143 1214 2210 tamen
1243 2134 1305 2209 diu
1333 2144 1469 2233 postea
1495 2137 1641 2207 vixisse
1669 2132 1800 2207 ordine
1830 2157 1905 2231 quo
1936 2141 2043 2207 uter-

386 2295 460 2369 que
502 2273 665 2367 scriptor
700 2267 820 2344 Silani
859 2265 1130 2362 Macronisque
1181 2273 1342 2338 mortem
1385 2264 1464 2337 fere
1511 2267 1708 2336 coniunxit
1751 2262 2044 2342 demonstratur,

385 2400 521 2498 Itaque
547 2404 758 2497 tempestas
785 2398 851 2472 illa
877 2401 938 2470 cui
960 2394 1114 2471 Silanus
1142 2419 1182 2468 se
1210 2397 1446 2467 committere
1473 2393 1615 2491 noluit,
1641 2415 1761 2466 verno
1789 2396 1918 2489 potius
1945 2398 2045 2466 tem-

386 2553 478 2628 pore
507 2556 538 2602 a.
567 2531 625 2604 39.
653 2532 828 2602 evenisse
856 2523 1026 2624 putanda
1052 2531 1120 2598 est.
1157 2524 1256 2597 Tum
1284 2532 1412 2598 autem
1428 2522 1638 2596 Graecinus
1658 2526 1730 2595 etsi
1748 2519 1923 2595 Caesaris
1949 2525 2045 2596 iram

387 2661 480 2734 forti
507 2658 660 2757 repulsa
686 2659 845 2729 meritus
872 2658 1008 2752 eapitis
1030 2653 1242 2751 periculum
1265 2676 1340 2726 non
1364 2655 1493 2726 stetim
1518 2655 1741 2749 incucurrit,
1770 2675 1856 2726 cum
1871 2649 2046 2750 Caligula

370 2795 524 2864 'itinere
552 2787 697 2861 Gallico
733 2792 772 2858 et
807 2784 1048 2883 expeditione
1080 2783 1299 2856 Britannica
1336 2788 1515 2880 suscepta
1549 2781 1733 2855 ultionem
1765 2780 1906 2854 liberae
1941 2779 2045 2854 illius

390 2923 651 2994 contumaciae
679 2915 857 2991 differret.
906 2913 1041 3011 Itaque
1076 2920 1223 2986 aestate
1259 2911 1410 2986 demum
1446 2915 1535 2984 anni
1561 2912 1621 2984 40.
1650 2909 1860 2984 Graecinus
1894 2917 2047 3010 tyranni
2105 2946 2110 2967 ι

390 3053 553 3122 saevitia
574 3070 781 3146 oppressus
806 3051 874 3120 est.
916 3042 992 3135 Qui
1020 3066 1136 3140 quum
1163 3065 1239 3115 non
1268 3065 1309 3115 se
1336 3045 1419 3138 ipse
1446 3039 1711 3139 interfecisset,
1739 3039 1807 3114 sed
1834 3045 2046 3116 maiestatis

391 3178 494 3254 haud
521 3177 636 3252 dubie
662 3180 819 3250 crimine
846 3179 1133 3249 circumventus
1160 3171 1347 3270 supplicio
1375 3169 1541 3244 affectus
1565 3177 1687 3268 esset,
1715 3169 1851 3244 accidit
1877 3178 1921 3244 ut
1947 3171 2048 3246 bona

392 3313 474 3384 eius
508 3307 556 3382 ab
597 3309 822 3380 avarissimo
855 3307 1024 3401 principe
1058 3300 1343 3399 publicarentur
1380 3299 1444 3398 (cf.
1472 3301 1560 3374 Tac
1590 3301 1711 3374 annal.
1738 3299 1812 3400 VI,
1849 3300 1928 3400 29).
1988 3299 2049 3375 Ita

390 3439 537 3512 factum
575 3443 653 3532 est,
697 3441 740 3508 ut
780 3439 954 3507 materna
997 3437 1147 3507 tantum
1189 3431 1290 3505 bona
1325 3429 1372 3503 ad
1412 3430 1532 3505 filium
1575 3430 1761 3529 redirent,
1803 3455 1891 3504 nam
1930 3429 2049 3528 opibus

391 3565 508 3640 nimiis
540 3589 607 3640 non
636 3563 826 3664 pandebat,
862 3562 1030 3660 spumosae
1057 3559 1261 3658 recuperant
1287 3563 1337 3652 (c.
1357 3559 1437 3657 44).
1486 3559 1558 3633 His
1585 3564 1704 3659 igitur
1731 3564 1884 3658 optimis
1910 3585 2049 3660 peren·
2106 3615 2112 3624 .

392 3695 497 3770 tibus
531 3703 668 3769 natus
694 3692 876 3792 Agricola
909 3717 940 3766 a.
967 3693 1026 3765 40.
1063 3687 1099 3767 C.
1128 3687 1273 3767 Caesare
1304 3689 1437 3762 tatium
1470 3689 1602 3764 conella
1633 3687 1746 3764 adibeo
1774 3688 1886 3764 Ianira
1913 3689 1962 3788 (c.
1988 3691 2048 3763 44.

393 3827 451 3901 cll.
478 3825 595 3900 Wex.
623 3824 829 3922 prolegom.
856 3847 890 3920 p.
920 3823 992 3930 199
1022 3820 1121 3919 sqq.)
1148 3824 1170 3894 i.
1199 3845 1228 3892 c.
1258 3823 1390 3917 paucis
1417 3819 1613 3894 mensibus
1640 3825 1729 3894 ante
1761 3825 1882 3919 patris
1916 3843 2048 3894 necem

391 3955 505 4031 atatim
533 3953 703 4053 paruulus
739 3953 788 4050 (c.
812 3951 856 4052 4)
892 3978 916 4025 a
950 3959 1072 4025 matre
1098 3949 1313 4024 Massiliam
1350 3948 1535 4024 deductus
1569 3959 1608 4024 et
1644 3953 1800 4050 egregia
1834 3973 1926 4024 cure
1962 3973 2050 4024 eru-

394 4085 495 4159 ditus
523 4090 592 4157 est.

496 4211 581 4303 Quo
611 4235 708 4285 anno
735 4217 899 4310 togam
926 4209 1114 4284 virilem
1142 4212 1359 4307 sumpserit,
1386 4231 1462 4281 non
1480 4214 1641 4310 constat,
1666 4209 1819 4284 videtur
1844 4216 1972 4282 tamen
1999 4233 2049 4282 ex

394 4348 531 4418 aetatis
558 4343 660 4417 illius
687 4341 856 4414 moribus
885 4335 1120 4437 (Marqaardt.
1134 4337 1189 4436 V,
1220 4339 1251 4410 1.
1278 4362 1312 4436 p.
1336 4337 1429 4437 130)
1457 4337 1505 4411 de
1532 4361 1630 4412 anno
1659 4337 1804 4412 decimo
1833 4344 1944 4411 sexto
1972 4340 1995 4411 i.
2019 4361 2049 4410 a

395 4473 443 4547 de
471 4495 569 4546 anno
598 4473 657 4545 56.
685 4468 928 4570 cogitandum
965 4491 1060 4541 esse.
1113 4464 1225 4557 Quod
1258 4474 1387 4542 utrum
1413 4468 1559 4541 Romae
1594 4468 1740 4542 factruu
1776 4471 1828 4541 sit
1863 4491 1910 4540 an
1938 4467 2049 4568 domi,

500 4843 524 4922 ¹)
546 4840 608 4906 Illo
637 4838 800 4904 annalium
831 4838 996 4902 volumine
1026 4839 1059 4900 in
1088 4836 1149 4901 hac
1178 4835 1332 4900 librorum
1364 4835 1500 4920 penurie
1529 4836 1577 4900 uti
1600 4834 1677 4899 mihi
1699 4855 1764 4899 non
1787 4833 1886 4900 licuit.
1932 4833 2051 4918 Neque

394 4963 503 5019 tamen
524 4955 570 5017 ita
592 4952 682 5016 libris
705 4973 775 5015 sum
798 4948 984 5028 destitutus,
1007 4957 1044 5012 ut
1065 4947 1120 5012 vel
1131 4945 1248 5032 Silligii
1258 4946 1365 5010 Plinio
1387 4966 1525 5028 caream,
1548 4965 1633 5030 quac
1651 4944 1858 5010 R.Foeraten'
1878 4942 1976 5033 (liber
1998 4945 2051 5011 die

394 5065 535 5131 iilteaten
564 5061 761 5129 Herabilder
789 5084 821 5148 p.
846 5060 909 5143 10)
936 5059 1067 5124 videtur
1097 5061 1259 5124 sententia
1290 5079 1373 5124 csse.
1415 5057 1517 5123 Immo
1545 5061 1608 5122 iarn
1639 5057 1767 5144 pridem
1795 5057 1870 5124 inde
1902 5059 1987 5142 (vol.
2010 5058 2052 5124 V.

395 5201 426 5265 p.
443 5175 550 5262 XIX)
572 5175 766 5256 didiceram,
788 5175 1006 5261 fragmentum
1030 5170 1339 5257 Pseudo-Appuleii
1361 5170 1597 5237 Salmasianum
1618 5192 1639 5234 a
1660 5170 1866 5257 L.Appuleii
1889 5170 2052 5254 herbario,

395 5309 536 5372 quocum
558 5309 662 5373 nuper
684 5285 832 5351 confudit
853 5283 1009 5348 marae
1031 5283 1179 5348 Mllllerus
1202 5288 1294 5363 (mus.
1316 5281 1422 5348 Rhea.
1447 5284 1539 5348 1867.
1562 5305 1593 5369 p.
1612 5285 1686 5367 187)
1709 5284 1813 5370 probe
1846 5283 2053 5370 distinguen-

396 5400 472 5464 dum
497 5421 579 5466 csse.
2069 5406 2074 5417 ’

1843 5509 1858 5558 2
