<?xml version="1.0" encoding="UTF-8"?>
<!DOCTYPE html PUBLIC "-//W3C//DTD XHTML 1.0 Transitional//EN"
    "http://www.w3.org/TR/xhtml1/DTD/xhtml1-transitional.dtd">
<html xmlns="http://www.w3.org/1999/xhtml" xml:lang="en" lang="en">
 <head>
  <title>
</title>
<meta http-equiv="Content-Type" content="text/html;charset=utf-8" />
  <meta name='ocr-system' content='tesseract 3.04.00' />
  <meta name='ocr-capabilities' content='ocr_page ocr_carea ocr_par ocr_line ocrx_word'/>
</head>
<body>
  <div class='ocr_page' id='page_1' title='image "./devitaethonorib00urligoog_0031.png"; bbox 0 0 5332 6738; ppageno 0'>
   <div class='ocr_carea' id='block_1_1' title="bbox 392 837 2144 3777">
    <p class='ocr_par' dir='ltr' id='par_1_1' title="bbox 1192 837 1240 910">
     <span class='ocr_line' id='line_1_1' title="bbox 1192 837 1240 910; baseline 0.021 -1"><span class='ocrx_word' id='word_1_1' title='bbox 1192 837 1240 910; x_wconf 77' lang='lat'><strong>27</strong></span> 
     </span>
    </p>

    <p class='ocr_par' dir='ltr' id='par_1_2' title="bbox 392 1091 2144 2872">
     <span class='ocr_line' id='line_1_2' title="bbox 392 1091 2049 1196; baseline -0.003 -25"><span class='ocrx_word' id='word_1_2' title='bbox 392 1105 542 1173; x_wconf 90' lang='lat' dir='ltr'><strong>tantum</strong></span> <span class='ocrx_word' id='word_1_3' title='bbox 569 1121 668 1196; x_wconf 88' lang='lat' dir='ltr'><strong>quae</strong></span> <span class='ocrx_word' id='word_1_4' title='bbox 704 1096 751 1170; x_wconf 87' lang='lat' dir='ltr'><strong>ab</strong></span> <span class='ocrx_word' id='word_1_5' title='bbox 778 1095 931 1170; x_wconf 89' lang='lat' dir='ltr'><strong>Othone</strong></span> <span class='ocrx_word' id='word_1_6' title='bbox 960 1101 998 1169; x_wconf 90' lang='lat' dir='ltr'><strong>et</strong></span> <span class='ocrx_word' id='word_1_7' title='bbox 1025 1095 1182 1170; x_wconf 90' lang='lat' dir='ltr'><strong>Vitellio</strong></span> <span class='ocrx_word' id='word_1_8' title='bbox 1208 1100 1432 1170; x_wconf 79' lang='lat' dir='ltr'><strong>immutatae</strong></span> <span class='ocrx_word' id='word_1_9' title='bbox 1460 1093 1527 1167; x_wconf 87' lang='lat' dir='ltr'><strong>sed</strong></span> <span class='ocrx_word' id='word_1_10' title='bbox 1553 1117 1645 1166; x_wconf 88' lang='lat' dir='ltr'><strong>casu</strong></span> <span class='ocrx_word' id='word_1_11' title='bbox 1671 1095 1795 1190; x_wconf 84' lang='lat' dir='ltr'><strong>magis</strong></span> <span class='ocrx_word' id='word_1_12' title='bbox 1823 1116 1937 1189; x_wconf 89' lang='lat' dir='ltr'><strong>quam</strong></span> <span class='ocrx_word' id='word_1_13' title='bbox 1964 1091 2049 1190; x_wconf 87' lang='lat' dir='ltr'><strong>lege</strong></span> 
     </span>
     <span class='ocr_line' id='line_1_3' title="bbox 394 1220 2048 1325; baseline -0.005 -23"><span class='ocrx_word' id='word_1_14' title='bbox 394 1251 557 1302; x_wconf 68' lang='lat' dir='ltr'><strong>mansor.</strong></span> <span class='ocrx_word' id='word_1_15' title='bbox 607 1225 799 1325; x_wconf 80' lang='lat' dir='ltr'><strong>Equidem</strong></span> <span class='ocrx_word' id='word_1_16' title='bbox 826 1249 912 1300; x_wconf 92' lang='lat' dir='ltr'><strong>cum</strong></span> <span class='ocrx_word' id='word_1_17' title='bbox 939 1224 1071 1324; x_wconf 75' lang='lat' dir='ltr'><strong>Rpclr&#39;o</strong></span> <span class='ocrx_word' id='word_1_18' title='bbox 1098 1233 1137 1298; x_wconf 92' lang='lat' dir='ltr'><strong>et</strong></span> <span class='ocrx_word' id='word_1_19' title='bbox 1163 1224 1304 1300; x_wconf 89' lang='lat' dir='ltr'><strong>Orellio</strong></span> <span class='ocrx_word' id='word_1_20' title='bbox 1333 1223 1381 1298; x_wconf 89' lang='lat' dir='ltr'><strong>ad</strong></span> <span class='ocrx_word' id='word_1_21' title='bbox 1412 1223 1498 1298; x_wconf 88' lang='lat' dir='ltr'><strong>hist.</strong></span> <span class='ocrx_word' id='word_1_22' title='bbox 1525 1222 1581 1320; x_wconf 90' lang='lat' dir='ltr'><strong>Il,</strong></span> <span class='ocrx_word' id='word_1_23' title='bbox 1618 1225 1639 1295; x_wconf 70' lang='grc' dir='ltr'><em>Ἰ</em></span> <span class='ocrx_word' id='word_1_24' title='bbox 1645 1225 1675 1294; x_wconf 92' lang='grc'><strong>1.</strong></span> <span class='ocrx_word' id='word_1_25' title='bbox 1712 1221 1912 1296; x_wconf 79' lang='lat' dir='ltr'><strong>bimestres</strong></span> <span class='ocrx_word' id='word_1_26' title='bbox 1946 1220 2048 1294; x_wconf 89' lang='lat' dir='ltr'><strong>illius</strong></span> 
     </span>
     <span class='ocr_line' id='line_1_4' title="bbox 394 1349 2050 1453; baseline -0.004 -23"><span class='ocrx_word' id='word_1_27' title='bbox 394 1361 483 1432; x_wconf 89' lang='lat' dir='ltr'><strong>anni</strong></span> <span class='ocrx_word' id='word_1_28' title='bbox 516 1355 693 1432; x_wconf 85' lang='lat' dir='ltr'><strong>consules</strong></span> <span class='ocrx_word' id='word_1_29' title='bbox 733 1357 853 1430; x_wconf 82' lang='lat' dir='ltr'><strong>fuisse</strong></span> <span class='ocrx_word' id='word_1_30' title='bbox 890 1377 1045 1452; x_wconf 88' lang='lat' dir='ltr'><strong>censeo,</strong></span> <span class='ocrx_word' id='word_1_31' title='bbox 1086 1379 1109 1430; x_wconf 89' lang='lat' dir='ltr'><strong>a</strong></span> <span class='ocrx_word' id='word_1_32' title='bbox 1140 1355 1311 1453; x_wconf 85' lang='lat' dir='ltr'><strong>Nerone,</strong></span> <span class='ocrx_word' id='word_1_33' title='bbox 1346 1352 1485 1450; x_wconf 80' lang='lat' dir='ltr'>Galba,</span> <span class='ocrx_word' id='word_1_34' title='bbox 1521 1350 1690 1451; x_wconf 86' lang='lat' dir='ltr'><strong>Othone,</strong></span> <span class='ocrx_word' id='word_1_35' title='bbox 1725 1350 1883 1425; x_wconf 90' lang='lat' dir='ltr'><strong>Vitellio</strong></span> <span class='ocrx_word' id='word_1_36' title='bbox 1920 1349 2050 1448; x_wconf 83' lang='lat' dir='ltr'><strong>desig·</strong></span> 
     </span>
     <span class='ocr_line' id='line_1_5' title="bbox 393 1478 2048 1583; baseline -0.004 -25"><span class='ocrx_word' id='word_1_37' title='bbox 393 1492 505 1562; x_wconf 88' lang='lat' dir='ltr'><strong>natos</strong></span> <span class='ocrx_word' id='word_1_38' title='bbox 531 1491 587 1560; x_wconf 88' lang='lat' dir='ltr'><strong>ita</strong></span> <span class='ocrx_word' id='word_1_39' title='bbox 611 1493 656 1559; x_wconf 92' lang='lat' dir='ltr'><strong>ut</strong></span> <span class='ocrx_word' id='word_1_40' title='bbox 681 1485 801 1583; x_wconf 90' lang='lat' dir='ltr'><strong>Nero,</strong></span> <span class='ocrx_word' id='word_1_41' title='bbox 838 1488 904 1581; x_wconf 89' lang='lat' dir='ltr'><strong>qui</strong></span> <span class='ocrx_word' id='word_1_42' title='bbox 930 1483 1138 1558; x_wconf 70' lang='lat' dir='ltr'><strong>consalutat</strong></span> <span class='ocrx_word' id='word_1_43' title='bbox 1163 1483 1200 1556; x_wconf 85' lang='lat' dir='ltr'><strong>in</strong></span> <span class='ocrx_word' id='word_1_44' title='bbox 1235 1506 1330 1556; x_wconf 79' lang='lat' dir='ltr'><strong>serras</strong></span> <span class='ocrx_word' id='word_1_45' title='bbox 1352 1481 1555 1578; x_wconf 76' lang='lat' dir='ltr'><strong>plarumqrw</strong></span> <span class='ocrx_word' id='word_1_46' title='bbox 1589 1505 1719 1554; x_wconf 70' lang='lat' dir='ltr'><strong>moses</strong></span> <span class='ocrx_word' id='word_1_47' title='bbox 1753 1479 1850 1554; x_wconf 75' lang='lat' dir='ltr'><strong>dedit</strong></span> <span class='ocrx_word' id='word_1_48' title='bbox 1872 1478 2048 1578; x_wconf 87' lang='lat' dir='ltr'><strong>(Sueton.</strong></span> 
     </span>
     <span class='ocr_line' id='line_1_6' title="bbox 393 1609 2049 1712; baseline -0.002 -24"><span class='ocrx_word' id='word_1_49' title='bbox 393 1616 481 1690; x_wconf 90' lang='lat' dir='ltr'><strong>Ner.</strong></span> <span class='ocrx_word' id='word_1_50' title='bbox 511 1615 596 1712; x_wconf 78' lang='lat'><strong>15),</strong></span> <span class='ocrx_word' id='word_1_51' title='bbox 637 1615 750 1688; x_wconf 88' lang='lat' dir='ltr'><strong>Arrio</strong></span> <span class='ocrx_word' id='word_1_52' title='bbox 778 1613 974 1686; x_wconf 76' lang='lat' dir='ltr'><strong>Antonino</strong></span> <span class='ocrx_word' id='word_1_53' title='bbox 1012 1617 1051 1686; x_wconf 90' lang='lat' dir='ltr'><strong>et</strong></span> <span class='ocrx_word' id='word_1_54' title='bbox 1071 1610 1196 1685; x_wconf 89' lang='lat' dir='ltr'><strong>Mario</strong></span> <span class='ocrx_word' id='word_1_55' title='bbox 1222 1609 1335 1685; x_wconf 90' lang='lat' dir='ltr'><strong>Celso</strong></span> <span class='ocrx_word' id='word_1_56' title='bbox 1379 1609 1533 1684; x_wconf 84' lang='lat' dir='ltr'><strong>ultimos</strong></span> <span class='ocrx_word' id='word_1_57' title='bbox 1570 1633 1639 1682; x_wconf 88' lang='lat' dir='ltr'><strong>sex</strong></span> <span class='ocrx_word' id='word_1_58' title='bbox 1674 1633 1827 1682; x_wconf 90' lang='lat' dir='ltr'><strong>menses</strong></span> <span class='ocrx_word' id='word_1_59' title='bbox 1860 1609 2049 1709; x_wconf 86' lang='lat' dir='ltr'><strong>tribuerit,</strong></span> 
     </span>
     <span class='ocr_line' id='line_1_7' title="bbox 394 1737 2050 1842; baseline -0.004 -24"><span class='ocrx_word' id='word_1_60' title='bbox 394 1743 517 1818; x_wconf 89' lang='lat' dir='ltr'><strong>Galba</strong></span> <span class='ocrx_word' id='word_1_61' title='bbox 544 1752 707 1842; x_wconf 91' lang='lat' dir='ltr'><strong>quatuor</strong></span> <span class='ocrx_word' id='word_1_62' title='bbox 732 1745 866 1840; x_wconf 91' lang='lat' dir='ltr'><strong>primis</strong></span> <span class='ocrx_word' id='word_1_63' title='bbox 901 1741 1097 1816; x_wconf 88' lang='lat' dir='ltr'><strong>mensibus</strong></span> <span class='ocrx_word' id='word_1_64' title='bbox 1134 1747 1337 1814; x_wconf 87' lang='lat' dir='ltr'><strong>contentus</strong></span> <span class='ocrx_word' id='word_1_65' title='bbox 1363 1738 1511 1811; x_wconf 89' lang='lat' dir='ltr'><strong>Maium</strong></span> <span class='ocrx_word' id='word_1_66' title='bbox 1545 1738 1771 1834; x_wconf 86' lang='lat' dir='ltr'><strong>Ioniumque</strong></span> <span class='ocrx_word' id='word_1_67' title='bbox 1800 1737 1953 1812; x_wconf 80' lang='lat' dir='ltr'><strong>Sabinis</strong></span> <span class='ocrx_word' id='word_1_68' title='bbox 1981 1739 2050 1812; x_wconf 90' lang='lat' dir='ltr'><strong>de-</strong></span> 
     </span>
     <span class='ocr_line' id='line_1_8' title="bbox 395 1864 2049 1970; baseline -0.005 -21"><span class='ocrx_word' id='word_1_69' title='bbox 395 1875 511 1966; x_wconf 87' lang='lat' dir='ltr'><strong>derit,</strong></span> <span class='ocrx_word' id='word_1_70' title='bbox 536 1875 674 1949; x_wconf 91' lang='lat' dir='ltr'><strong>Iulium</strong></span> <span class='ocrx_word' id='word_1_71' title='bbox 703 1880 741 1946; x_wconf 89' lang='lat' dir='ltr'><strong>et</strong></span> <span class='ocrx_word' id='word_1_72' title='bbox 754 1872 975 1970; x_wconf 87' lang='lat' dir='ltr'><strong>Augustum</strong></span> <span class='ocrx_word' id='word_1_73' title='bbox 990 1871 1153 1944; x_wconf 75' lang='lat' dir='ltr'><strong>Neronis</strong></span> <span class='ocrx_word' id='word_1_74' title='bbox 1181 1867 1392 1942; x_wconf 89' lang='lat' dir='ltr'><strong>candidatis</strong></span> <span class='ocrx_word' id='word_1_75' title='bbox 1420 1870 1652 1964; x_wconf 73' lang='lat' dir='ltr'><strong>permiserit,</strong></span> <span class='ocrx_word' id='word_1_76' title='bbox 1682 1889 1702 1938; x_wconf 89' lang='lat' dir='ltr'><strong>e</strong></span> <span class='ocrx_word' id='word_1_77' title='bbox 1730 1865 1868 1964; x_wconf 88' lang='lat' dir='ltr'><strong>quibus</strong></span> <span class='ocrx_word' id='word_1_78' title='bbox 1882 1864 2049 1941; x_wconf 88' lang='lat' dir='ltr'><strong>Marium</strong></span> 
     </span>
     <span class='ocr_line' id='line_1_9' title="bbox 394 1991 2050 2100; baseline -0.004 -22"><span class='ocrx_word' id='word_1_79' title='bbox 394 2003 547 2078; x_wconf 83' lang='lat' dir='ltr'><strong>Celsum</strong></span> <span class='ocrx_word' id='word_1_80' title='bbox 584 2001 729 2076; x_wconf 87' lang='lat' dir='ltr'><strong>Galbae</strong></span> <span class='ocrx_word' id='word_1_81' title='bbox 763 2027 869 2100; x_wconf 76' lang='lat' dir='ltr'><strong>usque</strong></span> <span class='ocrx_word' id='word_1_82' title='bbox 907 2001 944 2074; x_wconf 82' lang='lat' dir='ltr'><strong>in</strong></span> <span class='ocrx_word' id='word_1_83' title='bbox 978 2013 1142 2073; x_wconf 78' lang='lat' dir='ltr'><strong>eatranroa</strong></span> <span class='ocrx_word' id='word_1_84' title='bbox 1174 2021 1228 2072; x_wconf 84' lang='lat' dir='ltr'><strong>res</strong></span> <span class='ocrx_word' id='word_1_85' title='bbox 1262 1995 1412 2070; x_wconf 72' lang='lat' dir='ltr'><strong>ominem</strong></span> <span class='ocrx_word' id='word_1_86' title='bbox 1439 1994 1622 2093; x_wconf 76' lang='lat' dir='ltr'><strong>fidumque</strong></span> <span class='ocrx_word' id='word_1_87' title='bbox 1657 1995 1852 2093; x_wconf 87' lang='lat' dir='ltr'><strong>praedicat</strong></span> <span class='ocrx_word' id='word_1_88' title='bbox 1888 1991 2050 2095; x_wconf 81' lang='lat' dir='ltr'><strong>scriptor</strong></span> 
     </span>
     <span class='ocr_line' id='line_1_10' title="bbox 393 2123 2049 2237; baseline -0.005 -29"><span class='ocrx_word' id='word_1_89' title='bbox 393 2133 428 2233; x_wconf 91' lang='lat' dir='ltr'><strong>l,</strong></span> <span class='ocrx_word' id='word_1_90' title='bbox 459 2134 515 2205; x_wconf 89' lang='grc'><strong>14.</strong></span> <span class='ocrx_word' id='word_1_91' title='bbox 543 2132 600 2205; x_wconf 94' lang='lat' dir='ltr'><strong>cll.</strong></span> <span class='ocrx_word' id='word_1_92' title='bbox 615 2134 684 2230; x_wconf 82' lang='lat'><strong>46,</strong></span> <span class='ocrx_word' id='word_1_93' title='bbox 712 2129 976 2237; x_wconf 82' lang='lat' dir='ltr'><strong>Septembrem</strong></span> <span class='ocrx_word' id='word_1_94' title='bbox 994 2127 1273 2224; x_wconf 90' lang='lat' dir='ltr'><strong>Octobremque</strong></span> <span class='ocrx_word' id='word_1_95' title='bbox 1288 2125 1442 2198; x_wconf 87' lang='lat' dir='ltr'><strong>Valerio</strong></span> <span class='ocrx_word' id='word_1_96' title='bbox 1464 2123 1614 2197; x_wconf 88' lang='lat' dir='ltr'><strong>Marino</strong></span> <span class='ocrx_word' id='word_1_97' title='bbox 1642 2131 1681 2197; x_wconf 91' lang='lat' dir='ltr'><strong>et</strong></span> <span class='ocrx_word' id='word_1_98' title='bbox 1707 2124 1875 2199; x_wconf 88' lang='lat' dir='ltr'><strong>Pedanio</strong></span> <span class='ocrx_word' id='word_1_99' title='bbox 1898 2124 2049 2225; x_wconf 88' lang='lat' dir='ltr'><strong>Costae,</strong></span> 
     </span>
     <span class='ocr_line' id='line_1_11' title="bbox 393 2253 2144 2362; baseline -0.004 -26"><span class='ocrx_word' id='word_1_100' title='bbox 393 2263 649 2336; x_wconf 81' lang='lat' dir='ltr'><strong>Nouembrem</strong></span> <span class='ocrx_word' id='word_1_101' title='bbox 683 2259 1010 2357; x_wconf 88' lang='lat' dir='ltr'><strong>Decembremque</strong></span> <span class='ocrx_word' id='word_1_102' title='bbox 1045 2258 1192 2331; x_wconf 87' lang='lat' dir='ltr'><strong>Marcio</strong></span> <span class='ocrx_word' id='word_1_103' title='bbox 1225 2257 1357 2330; x_wconf 90' lang='lat' dir='ltr'><strong>Macro</strong></span> <span class='ocrx_word' id='word_1_104' title='bbox 1392 2262 1431 2329; x_wconf 89' lang='lat' dir='ltr'><strong>et</strong></span> <span class='ocrx_word' id='word_1_105' title='bbox 1467 2253 1623 2344; x_wconf 85' lang='lat' dir='ltr'><strong>Quintio</strong></span> <span class='ocrx_word' id='word_1_106' title='bbox 1656 2253 1787 2328; x_wconf 88' lang='lat' dir='ltr'><strong>Attico</strong></span> <span class='ocrx_word' id='word_1_107' title='bbox 1825 2260 2049 2362; x_wconf 86' lang='lat' dir='ltr'><strong>promiserit.</strong></span> <span class='ocrx_word' id='word_1_108' title='bbox 2138 2301 2144 2306; x_wconf 92' lang='lat'>-</span> 
     </span>
     <span class='ocr_line' id='line_1_12' title="bbox 394 2369 2052 2486; baseline -0.005 -18"><span class='ocrx_word' id='word_1_109' title='bbox 394 2391 496 2468; x_wconf 81' lang='lat' dir='ltr'><strong>Otho</strong></span> <span class='ocrx_word' id='word_1_110' title='bbox 525 2369 660 2466; x_wconf 23' lang='lat' dir='ltr'><strong>autem*</strong></span> <span class='ocrx_word' id='word_1_111' title='bbox 679 2389 775 2464; x_wconf 90' lang='lat' dir='ltr'><strong>nihil</strong></span> <span class='ocrx_word' id='word_1_112' title='bbox 802 2393 981 2486; x_wconf 88' lang='lat' dir='ltr'><strong>mutavit,</strong></span> <span class='ocrx_word' id='word_1_113' title='bbox 1010 2391 1082 2460; x_wconf 84' lang='lat' dir='ltr'><strong>nisi</strong></span> <span class='ocrx_word' id='word_1_114' title='bbox 1110 2386 1211 2484; x_wconf 93' lang='lat' dir='ltr'><strong>quod</strong></span> <span class='ocrx_word' id='word_1_115' title='bbox 1239 2385 1310 2460; x_wconf 89' lang='lat' dir='ltr'><strong>sibi</strong></span> <span class='ocrx_word' id='word_1_116' title='bbox 1338 2385 1521 2482; x_wconf 85' lang='lat' dir='ltr'><strong>fratrique</strong></span> <span class='ocrx_word' id='word_1_117' title='bbox 1543 2389 1582 2458; x_wconf 92' lang='lat' dir='ltr'><strong>in</strong></span> <span class='ocrx_word' id='word_1_118' title='bbox 1603 2383 1787 2458; x_wconf 86' lang='lat' dir='ltr'><strong>Martium</strong></span> <span class='ocrx_word' id='word_1_119' title='bbox 1801 2385 2052 2484; x_wconf 85' lang='lat' dir='ltr'><strong>Aprilemque</strong></span> 
     </span>
     <span class='ocr_line' id='line_1_13' title="bbox 393 2511 2052 2620; baseline -0.004 -26"><span class='ocrx_word' id='word_1_120' title='bbox 393 2521 620 2620; x_wconf 86' lang='lat' dir='ltr'><strong>Verginium</strong></span> <span class='ocrx_word' id='word_1_121' title='bbox 635 2520 780 2593; x_wconf 84' lang='lat' dir='ltr'><strong>Rufum</strong></span> <span class='ocrx_word' id='word_1_122' title='bbox 802 2525 840 2593; x_wconf 91' lang='lat' dir='ltr'><strong>et</strong></span> <span class='ocrx_word' id='word_1_123' title='bbox 853 2518 1104 2614; x_wconf 90' lang='lat' dir='ltr'><strong>Pomponium</strong></span> <span class='ocrx_word' id='word_1_124' title='bbox 1121 2515 1327 2613; x_wconf 87' lang='lat' dir='ltr'><strong>Vopiscum</strong></span> <span class='ocrx_word' id='word_1_125' title='bbox 1345 2513 1581 2613; x_wconf 74' lang='lat' dir='ltr'><strong>subrogavit,</strong></span> <span class='ocrx_word' id='word_1_126' title='bbox 1597 2513 1779 2588; x_wconf 82' lang='lat' dir='ltr'><strong>Vitellius</strong></span> <span class='ocrx_word' id='word_1_127' title='bbox 1795 2511 1938 2588; x_wconf 88' lang='lat' dir='ltr'><strong>Galbae</strong></span> <span class='ocrx_word' id='word_1_128' title='bbox 1960 2539 2052 2589; x_wconf 89' lang='lat' dir='ltr'><strong>can-</strong></span> 
     </span>
     <span class='ocr_line' id='line_1_14' title="bbox 394 2637 2050 2744; baseline -0.002 -22"><span class='ocrx_word' id='word_1_129' title='bbox 394 2648 533 2722; x_wconf 88' lang='lat' dir='ltr'><strong>didatis</strong></span> <span class='ocrx_word' id='word_1_130' title='bbox 555 2648 753 2744; x_wconf 84' lang='lat' dir='ltr'><strong>ademptos</strong></span> <span class='ocrx_word' id='word_1_131' title='bbox 767 2644 1029 2743; x_wconf 84' lang='lat' dir='ltr'><strong>Septembrem</strong></span> <span class='ocrx_word' id='word_1_132' title='bbox 1046 2637 1323 2740; x_wconf 87' lang='lat' dir='ltr'><strong>Octobremque</strong></span> <span class='ocrx_word' id='word_1_133' title='bbox 1338 2641 1523 2716; x_wconf 89' lang='lat' dir='ltr'><strong>Caecinae</strong></span> <span class='ocrx_word' id='word_1_134' title='bbox 1545 2667 1587 2716; x_wconf 90' lang='lat' dir='ltr'><strong>ac</strong></span> <span class='ocrx_word' id='word_1_135' title='bbox 1603 2641 1757 2716; x_wconf 89' lang='lat' dir='ltr'><strong>Valenti</strong></span> <span class='ocrx_word' id='word_1_136' title='bbox 1778 2641 1891 2742; x_wconf 90' lang='lat' dir='ltr'><strong>dedit,</strong></span> <span class='ocrx_word' id='word_1_137' title='bbox 1904 2642 2050 2720; x_wconf 87' lang='lat' dir='ltr'><strong>Marcio</strong></span> 
     </span>
     <span class='ocr_line' id='line_1_15' title="bbox 393 2771 2051 2872; baseline -0.002 -22"><span class='ocrx_word' id='word_1_138' title='bbox 393 2777 526 2851; x_wconf 91' lang='lat' dir='ltr'><strong>Macro</strong></span> <span class='ocrx_word' id='word_1_139' title='bbox 542 2775 748 2850; x_wconf 89' lang='lat' dir='ltr'><strong>Caecilium</strong></span> <span class='ocrx_word' id='word_1_140' title='bbox 764 2773 983 2872; x_wconf 88' lang='lat' dir='ltr'><strong>Simplicem</strong></span> <span class='ocrx_word' id='word_1_141' title='bbox 1011 2773 1210 2846; x_wconf 82' lang='lat' dir='ltr'><strong>substituit</strong></span> <span class='ocrx_word' id='word_1_142' title='bbox 1238 2771 1302 2870; x_wconf 87' lang='lat' dir='ltr'><strong>(cf.</strong></span> <span class='ocrx_word' id='word_1_143' title='bbox 1320 2771 1355 2870; x_wconf 96' lang='lat' dir='ltr'><strong>I,</strong></span> <span class='ocrx_word' id='word_1_144' title='bbox 1372 2774 1429 2844; x_wconf 69' lang='grc' dir='ltr'><strong>Ἠ.</strong></span> <span class='ocrx_word' id='word_1_145' title='bbox 1455 2771 1511 2866; x_wconf 92' lang='lat' dir='ltr'><strong>II,</strong></span> <span class='ocrx_word' id='word_1_146' title='bbox 1533 2772 1592 2846; x_wconf 83' lang='lat'><strong>60.</strong></span> <span class='ocrx_word' id='word_1_147' title='bbox 1608 2773 1705 2871; x_wconf 53' lang='lat'><strong>713)</strong></span> <span class='ocrx_word' id='word_1_148' title='bbox 1732 2771 1806 2870; x_wconf 93' lang='lat' dir='ltr'><strong>llI,</strong></span> <span class='ocrx_word' id='word_1_149' title='bbox 1825 2773 1883 2846; x_wconf 70' lang='lat'><strong>37.</strong></span> <span class='ocrx_word' id='word_1_150' title='bbox 1900 2773 1958 2847; x_wconf 84' lang='lat'><strong>68.</strong></span> <span class='ocrx_word' id='word_1_151' title='bbox 1975 2777 2051 2868; x_wconf 75' lang='lat'><strong>73).</strong></span> 
     </span>
    </p>

    <p class='ocr_par' dir='ltr' id='par_1_3' title="bbox 393 2898 2052 3777">
     <span class='ocr_line' id='line_1_16' title="bbox 497 2898 2051 3004; baseline -0.004 -24"><span class='ocrx_word' id='word_1_152' title='bbox 497 2905 594 2982; x_wconf 92' lang='lat' dir='ltr'><strong>Cum</strong></span> <span class='ocrx_word' id='word_1_153' title='bbox 624 2911 743 3004; x_wconf 88' lang='lat' dir='ltr'><strong>igitur</strong></span> <span class='ocrx_word' id='word_1_154' title='bbox 777 2904 937 2978; x_wconf 88' lang='lat' dir='ltr'><strong>liberum</strong></span> <span class='ocrx_word' id='word_1_155' title='bbox 974 2902 1020 2976; x_wconf 87' lang='lat' dir='ltr'><strong>de</strong></span> <span class='ocrx_word' id='word_1_156' title='bbox 1050 2901 1276 2999; x_wconf 85' lang='lat' dir='ltr'><strong>Vespasiani</strong></span> <span class='ocrx_word' id='word_1_157' title='bbox 1314 2900 1549 2998; x_wconf 88' lang='lat' dir='ltr'><strong>temporibus</strong></span> <span class='ocrx_word' id='word_1_158' title='bbox 1581 2899 1691 2972; x_wconf 92' lang='lat' dir='ltr'><strong>nobis</strong></span> <span class='ocrx_word' id='word_1_159' title='bbox 1726 2898 1906 2976; x_wconf 90' lang='lat' dir='ltr'><strong>iudicium</strong></span> <span class='ocrx_word' id='word_1_160' title='bbox 1934 2903 2051 2975; x_wconf 89' lang='lat' dir='ltr'><strong>relin-</strong></span> 
     </span>
     <span class='ocr_line' id='line_1_17' title="bbox 395 3030 2051 3134; baseline -0.004 -22"><span class='ocrx_word' id='word_1_161' title='bbox 395 3035 535 3134; x_wconf 83' lang='lat' dir='ltr'><strong>quatur</strong></span> <span class='ocrx_word' id='word_1_162' title='bbox 576 3035 687 3133; x_wconf 87' lang='lat' dir='ltr'><strong>(narn</strong></span> <span class='ocrx_word' id='word_1_163' title='bbox 726 3037 1010 3131; x_wconf 86' lang='lat' dir='ltr'><strong>inscriptionem</strong></span> <span class='ocrx_word' id='word_1_164' title='bbox 1051 3032 1212 3104; x_wconf 83' lang='lat' dir='ltr'><strong>fratrum</strong></span> <span class='ocrx_word' id='word_1_165' title='bbox 1252 3030 1470 3129; x_wconf 88' lang='lat' dir='ltr'><strong>Arvalium,</strong></span> <span class='ocrx_word' id='word_1_166' title='bbox 1517 3034 1555 3102; x_wconf 94' lang='lat' dir='ltr'><strong>in</strong></span> <span class='ocrx_word' id='word_1_167' title='bbox 1595 3053 1672 3127; x_wconf 89' lang='lat' dir='ltr'><strong>qua</strong></span> <span class='ocrx_word' id='word_1_168' title='bbox 1710 3030 2051 3127; x_wconf 86' lang='lat' dir='ltr'><strong>quadrimestribus</strong></span> 
     </span>
     <span class='ocr_line' id='line_1_18' title="bbox 393 3159 2051 3260; baseline -0.004 -20"><span class='ocrx_word' id='word_1_169' title='bbox 393 3167 589 3241; x_wconf 89' lang='lat' dir='ltr'><strong>breviores</strong></span> <span class='ocrx_word' id='word_1_170' title='bbox 616 3166 838 3240; x_wconf 88' lang='lat' dir='ltr'><strong>consulatus</strong></span> <span class='ocrx_word' id='word_1_171' title='bbox 864 3167 1127 3260; x_wconf 87' lang='lat' dir='ltr'><strong>reperiuntur,</strong></span> <span class='ocrx_word' id='word_1_172' title='bbox 1167 3159 1213 3232; x_wconf 86' lang='lat' dir='ltr'><strong>ab</strong></span> <span class='ocrx_word' id='word_1_173' title='bbox 1240 3159 1421 3233; x_wconf 82' lang='lat' dir='ltr'><strong>Henneno</strong></span> <span class='ocrx_word' id='word_1_174' title='bbox 1450 3159 1571 3233; x_wconf 87' lang='lat' dir='ltr'><strong>annal.</strong></span> <span class='ocrx_word' id='word_1_175' title='bbox 1601 3160 1709 3233; x_wconf 72' lang='lat'><strong>1867.</strong></span> <span class='ocrx_word' id='word_1_176' title='bbox 1737 3184 1771 3257; x_wconf 94' lang='lat' dir='ltr'><strong>p.</strong></span> <span class='ocrx_word' id='word_1_177' title='bbox 1798 3160 1883 3233; x_wconf 72' lang='lat'><strong>272.</strong></span> <span class='ocrx_word' id='word_1_178' title='bbox 1911 3159 2051 3234; x_wconf 87' lang='lat' dir='ltr'><strong>editam</strong></span> 
     </span>
     <span class='ocr_line' id='line_1_19' title="bbox 394 3291 2050 3391; baseline -0.004 -22"><span class='ocrx_word' id='word_1_179' title='bbox 394 3295 659 3369; x_wconf 87' lang='lat' dir='ltr'><strong>Mommsenus</strong></span> <span class='ocrx_word' id='word_1_180' title='bbox 693 3293 715 3365; x_wconf 92' lang='lat' dir='ltr'><strong>l.</strong></span> <span class='ocrx_word' id='word_1_181' title='bbox 743 3293 766 3365; x_wconf 92' lang='lat' dir='ltr'><strong>l.</strong></span> <span class='ocrx_word' id='word_1_182' title='bbox 800 3318 834 3391; x_wconf 94' lang='lat' dir='ltr'><strong>p.</strong></span> <span class='ocrx_word' id='word_1_183' title='bbox 863 3294 921 3364; x_wconf 88' lang='grc'><strong>91.</strong></span> <span class='ocrx_word' id='word_1_184' title='bbox 958 3291 1005 3364; x_wconf 91' lang='lat' dir='ltr'><strong>ad</strong></span> <span class='ocrx_word' id='word_1_185' title='bbox 1034 3291 1240 3365; x_wconf 89' lang='lat' dir='ltr'><strong>Domitiani</strong></span> <span class='ocrx_word' id='word_1_186' title='bbox 1277 3295 1404 3388; x_wconf 91' lang='lat' dir='ltr'><strong>potius</strong></span> <span class='ocrx_word' id='word_1_187' title='bbox 1438 3297 1603 3364; x_wconf 87' lang='lat' dir='ltr'><strong>aetatem</strong></span> <span class='ocrx_word' id='word_1_188' title='bbox 1638 3301 1815 3388; x_wconf 87' lang='lat' dir='ltr'><strong>spectare</strong></span> <span class='ocrx_word' id='word_1_189' title='bbox 1857 3291 2050 3390; x_wconf 90' lang='lat' dir='ltr'><strong>asseruit),</strong></span> 
     </span>
     <span class='ocr_line' id='line_1_20' title="bbox 394 3420 2051 3521; baseline -0.002 -23"><span class='ocrx_word' id='word_1_190' title='bbox 394 3431 522 3499; x_wconf 86' lang='lat' dir='ltr'><strong>tamen</strong></span> <span class='ocrx_word' id='word_1_191' title='bbox 549 3433 594 3498; x_wconf 90' lang='lat' dir='ltr'><strong>nt</strong></span> <span class='ocrx_word' id='word_1_192' title='bbox 619 3429 831 3499; x_wconf 89' lang='lat' dir='ltr'><strong>trimestres</strong></span> <span class='ocrx_word' id='word_1_193' title='bbox 859 3427 987 3521; x_wconf 91' lang='lat' dir='ltr'><strong>potius</strong></span> <span class='ocrx_word' id='word_1_194' title='bbox 1014 3431 1096 3496; x_wconf 92' lang='lat' dir='ltr'><strong>tum</strong></span> <span class='ocrx_word' id='word_1_195' title='bbox 1118 3421 1268 3520; x_wconf 89' lang='lat' dir='ltr'><strong>quidem</strong></span> <span class='ocrx_word' id='word_1_196' title='bbox 1294 3421 1516 3494; x_wconf 88' lang='lat' dir='ltr'><strong>consulatus</strong></span> <span class='ocrx_word' id='word_1_197' title='bbox 1537 3420 1658 3492; x_wconf 84' lang='lat' dir='ltr'><strong>fuisse</strong></span> <span class='ocrx_word' id='word_1_198' title='bbox 1673 3425 1804 3517; x_wconf 88' lang='lat' dir='ltr'><strong>putem</strong></span> <span class='ocrx_word' id='word_1_199' title='bbox 1821 3424 1867 3494; x_wconf 89' lang='lat' dir='ltr'><strong>iis</strong></span> <span class='ocrx_word' id='word_1_200' title='bbox 1889 3445 1986 3518; x_wconf 85' lang='lat' dir='ltr'><strong>quae</strong></span> <span class='ocrx_word' id='word_1_201' title='bbox 2005 3421 2051 3496; x_wconf 87' lang='lat' dir='ltr'><strong>de</strong></span> 
     </span>
     <span class='ocr_line' id='line_1_21' title="bbox 396 3547 2050 3648; baseline -0.002 -20"><span class='ocrx_word' id='word_1_202' title='bbox 396 3581 494 3630; x_wconf 91' lang='lat' dir='ltr'><strong>anno</strong></span> <span class='ocrx_word' id='word_1_203' title='bbox 523 3557 581 3628; x_wconf 80' lang='lat'><strong>74.</strong></span> <span class='ocrx_word' id='word_1_204' title='bbox 617 3562 684 3629; x_wconf 88' lang='lat' dir='ltr'><strong>aut</strong></span> <span class='ocrx_word' id='word_1_205' title='bbox 720 3560 824 3628; x_wconf 87' lang='lat' dir='ltr'><strong>certo</strong></span> <span class='ocrx_word' id='word_1_206' title='bbox 859 3547 1036 3626; x_wconf 88' lang='lat' dir='ltr'><strong>constant</strong></span> <span class='ocrx_word' id='word_1_207' title='bbox 1071 3555 1138 3624; x_wconf 90' lang='lat' dir='ltr'><strong>aut</strong></span> <span class='ocrx_word' id='word_1_208' title='bbox 1171 3549 1417 3648; x_wconf 89' lang='lat' dir='ltr'><strong>probabiliter</strong></span> <span class='ocrx_word' id='word_1_209' title='bbox 1451 3552 1689 3622; x_wconf 89' lang='lat' dir='ltr'><strong>coniciuntur</strong></span> <span class='ocrx_word' id='word_1_210' title='bbox 1724 3548 1900 3624; x_wconf 87' lang='lat' dir='ltr'><strong>adducor.</strong></span> <span class='ocrx_word' id='word_1_211' title='bbox 1951 3551 2050 3624; x_wconf 88' lang='lat' dir='ltr'><strong>Nam</strong></span> 
     </span>
     <span class='ocr_line' id='line_1_22' title="bbox 396 3678 2052 3777; baseline -0.002 -18"><span class='ocrx_word' id='word_1_212' title='bbox 396 3683 580 3759; x_wconf 85' lang='lat' dir='ltr'><strong>Cerialem</strong></span> <span class='ocrx_word' id='word_1_213' title='bbox 608 3684 722 3758; x_wconf 88' lang='lat' dir='ltr'><strong>huius</strong></span> <span class='ocrx_word' id='word_1_214' title='bbox 750 3687 838 3756; x_wconf 89' lang='lat' dir='ltr'><strong>anni</strong></span> <span class='ocrx_word' id='word_1_215' title='bbox 864 3704 995 3754; x_wconf 90' lang='lat' dir='ltr'><strong>mense</strong></span> <span class='ocrx_word' id='word_1_216' title='bbox 1018 3679 1123 3753; x_wconf 87' lang='lat' dir='ltr'><strong>Maio</strong></span> <span class='ocrx_word' id='word_1_217' title='bbox 1137 3679 1281 3752; x_wconf 86' lang='lat' dir='ltr'><strong>Ronrae</strong></span> <span class='ocrx_word' id='word_1_218' title='bbox 1309 3678 1504 3752; x_wconf 91' lang='lat' dir='ltr'><strong>consulem</strong></span> <span class='ocrx_word' id='word_1_219' title='bbox 1529 3679 1650 3752; x_wconf 86' lang='lat' dir='ltr'><strong>fuisse</strong></span> <span class='ocrx_word' id='word_1_220' title='bbox 1666 3679 1894 3777; x_wconf 85' lang='lat' dir='ltr'><strong>Vespasiani</strong></span> <span class='ocrx_word' id='word_1_221' title='bbox 1921 3681 2052 3756; x_wconf 87' lang='lat' dir='ltr'><strong>tabula</strong></span> 
     </span>
    </p>
   </div>
   <div class='ocr_carea' id='block_1_2' title="bbox 395 3793 2051 4297">
    <p class='ocr_par' dir='ltr' id='par_1_4' title="bbox 395 3793 2051 4297">
     <span class='ocr_line' id='line_1_23' title="bbox 396 3793 2050 3910; baseline -0.002 -22"><span class='ocrx_word' id='word_1_222' title='bbox 396 3815 582 3906; x_wconf 80' lang='lat' dir='ltr'><strong>(Hermen.</strong></span> <span class='ocrx_word' id='word_1_223' title='bbox 611 3811 731 3910; x_wconf 84' lang='lat'>5418)</span> <span class='ocrx_word' id='word_1_224' title='bbox 765 3837 798 3885; x_wconf 85' lang='lat' dir='ltr'><strong>a.</strong></span> <span class='ocrx_word' id='word_1_225' title='bbox 829 3810 864 3883; x_wconf 88' lang='lat' dir='ltr'><strong>d.</strong></span> <span class='ocrx_word' id='word_1_226' title='bbox 891 3807 978 3883; x_wconf 85' lang='lat' dir='ltr'><strong><em>XII.</em></strong></span> <span class='ocrx_word' id='word_1_227' title='bbox 1013 3807 1058 3882; x_wconf 90' lang='grc' dir='ltr'><strong>Κ.</strong></span> <span class='ocrx_word' id='word_1_228' title='bbox 1092 3805 1214 3880; x_wconf 80' lang='lat' dir='ltr'><strong>Ionica</strong></span> <span class='ocrx_word' id='word_1_229' title='bbox 1250 3804 1290 3890; x_wconf 82' lang='lat' dir='ltr'><strong>Q.</strong></span> <span class='ocrx_word' id='word_1_230' title='bbox 1318 3804 1449 3880; x_wconf 81' lang='lat' dir='ltr'><strong>Petillia</strong></span> <span class='ocrx_word' id='word_1_231' title='bbox 1484 3803 1615 3882; x_wconf 79' lang='lat' dir='ltr'><strong>Ceriale</strong></span> <span class='ocrx_word' id='word_1_232' title='bbox 1650 3804 1768 3884; x_wconf 81' lang='lat' dir='ltr'><strong>Caesio</strong></span> <span class='ocrx_word' id='word_1_233' title='bbox 1795 3808 1888 3904; x_wconf 80' lang='lat' dir='ltr'><strong>Ruso</strong></span> <span class='ocrx_word' id='word_1_234' title='bbox 1917 3793 1969 3884; x_wconf 85' lang='grc' dir='ltr'><strong>Π.</strong></span> <span class='ocrx_word' id='word_1_235' title='bbox 2010 3809 2050 3884; x_wconf 83' lang='grc' dir='ltr'><strong>Τ.</strong></span> 
     </span>
     <span class='ocr_line' id='line_1_24' title="bbox 398 3921 2051 4040; baseline -0.002 -22"><span class='ocrx_word' id='word_1_236' title='bbox 398 3939 513 4020; x_wconf 84' lang='lat' dir='ltr'><strong>Clodio</strong></span> <span class='ocrx_word' id='word_1_237' title='bbox 540 3941 648 4040; x_wconf 59' lang='lat' dir='ltr'><strong>Eprio</strong></span> <span class='ocrx_word' id='word_1_238' title='bbox 675 3939 837 4015; x_wconf 81' lang='lat' dir='ltr'><strong>Marcello</strong></span> <span class='ocrx_word' id='word_1_239' title='bbox 860 3921 913 4014; x_wconf 87' lang='grc' dir='ltr'><strong>ῘῘ.</strong></span> <span class='ocrx_word' id='word_1_240' title='bbox 938 3963 1000 4013; x_wconf 85' lang='lat' dir='ltr'><strong>cos.</strong></span> <span class='ocrx_word' id='word_1_241' title='bbox 1028 3939 1118 4012; x_wconf 90' lang='lat' dir='ltr'><strong>data</strong></span> <span class='ocrx_word' id='word_1_242' title='bbox 1144 3937 1326 4038; x_wconf 84' lang='lat' dir='ltr'><strong>efficitur,</strong></span> <span class='ocrx_word' id='word_1_243' title='bbox 1354 3936 1582 4012; x_wconf 85' lang='lat' dir='ltr'><strong>Frontinum</strong></span> <span class='ocrx_word' id='word_1_244' title='bbox 1609 3945 1737 4012; x_wconf 87' lang='lat' dir='ltr'><strong>autem</strong></span> <span class='ocrx_word' id='word_1_245' title='bbox 1765 3938 1934 4014; x_wconf 90' lang='lat' dir='ltr'><strong>eiusdem</strong></span> <span class='ocrx_word' id='word_1_246' title='bbox 1963 3947 2051 4014; x_wconf 89' lang='lat' dir='ltr'><strong>anni</strong></span> 
     </span>
     <span class='ocr_line' id='line_1_25' title="bbox 395 4066 2050 4174; baseline -0.004 -26"><span class='ocrx_word' id='word_1_247' title='bbox 395 4079 570 4174; x_wconf 84' lang='lat' dir='ltr'><strong>proximo</strong></span> <span class='ocrx_word' id='word_1_248' title='bbox 598 4071 765 4146; x_wconf 89' lang='lat' dir='ltr'><strong>nundino</strong></span> <span class='ocrx_word' id='word_1_249' title='bbox 793 4071 987 4145; x_wconf 87' lang='lat' dir='ltr'><strong>consulem</strong></span> <span class='ocrx_word' id='word_1_250' title='bbox 1015 4069 1136 4142; x_wconf 85' lang='lat' dir='ltr'><strong>fuisse</strong></span> <span class='ocrx_word' id='word_1_251' title='bbox 1163 4067 1400 4165; x_wconf 89' lang='lat' dir='ltr'><strong>Borghesius</strong></span> <span class='ocrx_word' id='word_1_252' title='bbox 1426 4091 1447 4140; x_wconf 85' lang='lat' dir='ltr'><strong>e</strong></span> <span class='ocrx_word' id='word_1_253' title='bbox 1473 4066 1653 4140; x_wconf 85' lang='lat' dir='ltr'><strong>feriarum</strong></span> <span class='ocrx_word' id='word_1_254' title='bbox 1679 4067 1918 4168; x_wconf 90' lang='lat' dir='ltr'><strong>Latinarum,</strong></span> <span class='ocrx_word' id='word_1_255' title='bbox 1952 4093 2050 4167; x_wconf 85' lang='lat' dir='ltr'><strong>quae</strong></span> 
     </span>
     <span class='ocr_line' id='line_1_26' title="bbox 396 4195 1778 4297; baseline -0.005 -19"><span class='ocrx_word' id='word_1_256' title='bbox 396 4205 504 4278; x_wconf 92' lang='lat' dir='ltr'><strong>Iunio</strong></span> <span class='ocrx_word' id='word_1_257' title='bbox 533 4209 698 4275; x_wconf 83' lang='lat' dir='ltr'><strong>exeunte</strong></span> <span class='ocrx_word' id='word_1_258' title='bbox 726 4207 793 4274; x_wconf 87' lang='lat' dir='ltr'><strong>aut</strong></span> <span class='ocrx_word' id='word_1_259' title='bbox 820 4203 951 4297; x_wconf 89' lang='lat' dir='ltr'><strong>primis</strong></span> <span class='ocrx_word' id='word_1_260' title='bbox 979 4197 1065 4274; x_wconf 93' lang='lat' dir='ltr'><strong>lulii</strong></span> <span class='ocrx_word' id='word_1_261' title='bbox 1093 4197 1227 4272; x_wconf 89' lang='lat' dir='ltr'><strong>diebus</strong></span> <span class='ocrx_word' id='word_1_262' title='bbox 1255 4201 1317 4295; x_wconf 85' lang='lat' dir='ltr'><strong>agi</strong></span> <span class='ocrx_word' id='word_1_263' title='bbox 1344 4195 1536 4295; x_wconf 88' lang='lat' dir='ltr'><strong>solebant,</strong></span> <span class='ocrx_word' id='word_1_264' title='bbox 1562 4197 1778 4295; x_wconf 83' lang='lat' dir='ltr'><strong>fragmento</strong></span> 
     </span>
    </p>
   </div>
   <div class='ocr_carea' id='block_1_3' title="bbox 398 4713 2050 4946">
    <p class='ocr_par' dir='ltr' id='par_1_5' title="bbox 398 4713 2050 4946">
     <span class='ocr_line' id='line_1_27' title="bbox 967 4713 1637 4800; baseline -0.006 -9"><span class='ocrx_word' id='word_1_265' title='bbox 967 4741 1046 4791; x_wconf 87' lang='lat' dir='ltr'><strong>sex.</strong></span> <span class='ocrx_word' id='word_1_266' title='bbox 1073 4716 1174 4790; x_wconf 91' lang='lat' dir='ltr'><strong>iulio.</strong></span> <span class='ocrx_word' id='word_1_267' title='bbox 1201 4713 1389 4788; x_wconf 83' lang='lat' dir='ltr'><strong>fiONtino</strong></span> <span class='ocrx_word' id='word_1_268' title='bbox 1635 4797 1637 4800; x_wconf 46' lang='grc'><strong>,</strong></span> 
     </span>
     <span class='ocr_line' id='line_1_28' title="bbox 398 4841 2050 4946; baseline -0.002 -25"><span class='ocrx_word' id='word_1_269' title='bbox 398 4852 526 4946; x_wconf 86' lang='lat' dir='ltr'><strong>sagaci</strong></span> <span class='ocrx_word' id='word_1_270' title='bbox 562 4850 781 4920; x_wconf 88' lang='lat' dir='ltr'><strong>coniectura</strong></span> <span class='ocrx_word' id='word_1_271' title='bbox 814 4846 943 4920; x_wconf 90' lang='lat' dir='ltr'><strong>elicuit</strong></span> <span class='ocrx_word' id='word_1_272' title='bbox 970 4843 1036 4941; x_wconf 84' lang='lat' dir='ltr'><strong>(cf.</strong></span> <span class='ocrx_word' id='word_1_273' title='bbox 1063 4845 1231 4918; x_wconf 84' lang='lat' dir='ltr'><strong>Hiibner.</strong></span> <span class='ocrx_word' id='word_1_274' title='bbox 1259 4844 1280 4916; x_wconf 95' lang='lat' dir='ltr'><strong>l.</strong></span> <span class='ocrx_word' id='word_1_275' title='bbox 1306 4842 1329 4915; x_wconf 91' lang='lat' dir='ltr'><strong>l.</strong></span> <span class='ocrx_word' id='word_1_276' title='bbox 1357 4866 1391 4940; x_wconf 93' lang='lat' dir='ltr'><strong>p.</strong></span> <span class='ocrx_word' id='word_1_277' title='bbox 1418 4841 1498 4940; x_wconf 74' lang='lat'><strong>54).</strong></span> <span class='ocrx_word' id='word_1_278' title='bbox 1552 4841 1698 4933; x_wconf 81' lang='lat' dir='ltr'><strong>Quodsi</strong></span> <span class='ocrx_word' id='word_1_279' title='bbox 1725 4841 1885 4916; x_wconf 86' lang='lat' dir='ltr'><strong>Cerialis</strong></span> <span class='ocrx_word' id='word_1_280' title='bbox 1920 4867 2050 4918; x_wconf 91' lang='lat' dir='ltr'><strong>mense</strong></span> 
     </span>
    </p>
   </div>
   <div class='ocr_carea' id='block_1_4' title="bbox 524 5051 2051 5063">
    <p class='ocr_par' dir='ltr' id='par_1_6' title="bbox 524 5051 2051 5063">
     <span class='ocr_line' id='line_1_29' title="bbox 524 5051 2051 5063; baseline -0.002 0"><span class='ocrx_word' id='word_1_281' title='bbox 524 5058 566 5063; x_wconf 80' lang='lat'><em>.-.-</em></span> <span class='ocrx_word' id='word_1_282' title='bbox 579 5057 614 5062; x_wconf 63' lang='lat'><strong>.—</strong></span> <span class='ocrx_word' id='word_1_283' title='bbox 628 5058 635 5062; x_wconf 94' lang='lat'>.</span> <span class='ocrx_word' id='word_1_284' title='bbox 819 5053 1148 5062; x_wconf 71' lang='lat'><strong>-—-...---....-.----</strong></span> <span class='ocrx_word' id='word_1_285' title='bbox 1179 5054 1225 5059; x_wconf 86' lang='lat'><em>----</em></span> <span class='ocrx_word' id='word_1_286' title='bbox 1239 5053 1309 5059; x_wconf 81' lang='lat'><strong>—.—-</strong></span> <span class='ocrx_word' id='word_1_287' title='bbox 1594 5051 1705 5058; x_wconf 72' lang='lat'><em>----.</em></span> <span class='ocrx_word' id='word_1_288' title='bbox 1906 5052 2051 5060; x_wconf 75' lang='lat'><strong>——-</strong></span> 
     </span>
    </p>
   </div>
   <div class='ocr_carea' id='block_1_5' title="bbox 396 5165 2051 5359">
    <p class='ocr_par' dir='ltr' id='par_1_7' title="bbox 396 5165 2051 5359">
     <span class='ocr_line' id='line_1_30' title="bbox 506 5165 2051 5256; baseline -0.003 -20"><span class='ocrx_word' id='word_1_289' title='bbox 506 5173 531 5256; x_wconf 90' lang='lat'><strong>¹)</strong></span> <span class='ocrx_word' id='word_1_290' title='bbox 554 5173 619 5251; x_wconf 80' lang='lat' dir='ltr'><strong>Qui</strong></span> <span class='ocrx_word' id='word_1_291' title='bbox 642 5172 733 5237; x_wconf 89' lang='lat' dir='ltr'><strong>loeus</strong></span> <span class='ocrx_word' id='word_1_292' title='bbox 755 5174 803 5236; x_wconf 88' lang='lat' dir='ltr'><strong>sic</strong></span> <span class='ocrx_word' id='word_1_293' title='bbox 824 5174 1073 5256; x_wconf 88' lang='lat' dir='ltr'><strong>interpungatur</strong></span> <span class='ocrx_word' id='word_1_294' title='bbox 1095 5179 1242 5256; x_wconf 87' lang='lat' dir='ltr'><strong>oportet,</strong></span> <span class='ocrx_word' id='word_1_295' title='bbox 1263 5177 1300 5232; x_wconf 91' lang='lat' dir='ltr'><strong>ut</strong></span> <span class='ocrx_word' id='word_1_296' title='bbox 1323 5169 1454 5232; x_wconf 74' lang='lat' dir='ltr'><strong>coartati</strong></span> <span class='ocrx_word' id='word_1_297' title='bbox 1473 5169 1647 5234; x_wconf 78' lang='lat' dir='ltr'><strong>consulatus</strong></span> <span class='ocrx_word' id='word_1_298' title='bbox 1670 5189 1734 5232; x_wconf 89' lang='lat' dir='ltr'><strong>non</strong></span> <span class='ocrx_word' id='word_1_299' title='bbox 1756 5165 1799 5231; x_wconf 88' lang='lat' dir='ltr'><strong>ad</strong></span> <span class='ocrx_word' id='word_1_300' title='bbox 1821 5177 1968 5253; x_wconf 84' lang='lat' dir='ltr'><strong>tempora</strong></span> <span class='ocrx_word' id='word_1_301' title='bbox 1990 5166 2051 5232; x_wconf 87' lang='lat' dir='ltr'><strong>sad</strong></span> 
     </span>
     <span class='ocr_line' id='line_1_31' title="bbox 396 5279 2051 5359; baseline -0.004 -10"><span class='ocrx_word' id='word_1_302' title='bbox 396 5284 631 5350; x_wconf 86' lang='lat' dir='ltr'><strong>adnumerum</strong></span> <span class='ocrx_word' id='word_1_303' title='bbox 655 5281 901 5349; x_wconf 89' lang='lat' dir='ltr'><strong>candidatorum</strong></span> <span class='ocrx_word' id='word_1_304' title='bbox 922 5283 1122 5348; x_wconf 86' lang='lat' dir='ltr'><strong>referantur:</strong></span> <span class='ocrx_word' id='word_1_305' title='bbox 1145 5283 1279 5346; x_wconf 80' lang='lat' dir='ltr'><strong>coartati</strong></span> <span class='ocrx_word' id='word_1_306' title='bbox 1295 5283 1427 5345; x_wconf 76' lang='lat' dir='ltr'><strong>oliorum</strong></span> <span class='ocrx_word' id='word_1_307' title='bbox 1444 5279 1631 5344; x_wconf 66' lang='lat' dir='ltr'><strong>amatura:</strong></span> <span class='ocrx_word' id='word_1_308' title='bbox 1655 5279 1862 5343; x_wconf 67' lang='lat' dir='ltr'><strong>disamrdmua</strong></span> <span class='ocrx_word' id='word_1_309' title='bbox 1885 5314 1924 5326; x_wconf 92' lang='lat'><em>-</em></span> <span class='ocrx_word' id='word_1_310' title='bbox 1948 5279 2051 5359; x_wconf 75' lang='lat' dir='ltr'><strong>ducis5</strong></span> 
     </span>
    </p>
   </div>
   <div class='ocr_carea' id='block_1_6' title="bbox 398 5393 1877 5554">
    <p class='ocr_par' dir='ltr' id='par_1_8' title="bbox 398 5393 1877 5554">
     <span class='ocr_line' id='line_1_32' title="bbox 398 5393 1349 5476; baseline -0.005 -15"><span class='ocrx_word' id='word_1_311' title='bbox 398 5403 427 5461; x_wconf 87' lang='lat' dir='ltr'><strong>et</strong></span> <span class='ocrx_word' id='word_1_312' title='bbox 453 5395 608 5462; x_wconf 80' lang='lat' dir='ltr'><strong>Valerium</strong></span> <span class='ocrx_word' id='word_1_313' title='bbox 628 5433 669 5442; x_wconf 95' lang='lat'><em>-</em></span> <span class='ocrx_word' id='word_1_314' title='bbox 692 5395 844 5476; x_wconf 76' lang='lat' dir='ltr'><strong>lotwum5</strong></span> <span class='ocrx_word' id='word_1_315' title='bbox 867 5393 1023 5458; x_wconf 79' lang='lat' dir='ltr'><strong>Pedanius</strong></span> <span class='ocrx_word' id='word_1_316' title='bbox 1047 5393 1140 5460; x_wconf 83' lang='lat' dir='ltr'><strong>Costa</strong></span> <span class='ocrx_word' id='word_1_317' title='bbox 1162 5431 1203 5442; x_wconf 90' lang='lat'><em>-</em></span> <span class='ocrx_word' id='word_1_318' title='bbox 1226 5395 1349 5458; x_wconf 78' lang='lat' dir='ltr'><strong>servitii.</strong></span> 
     </span>
     <span class='ocr_line' id='line_1_33' title="bbox 1842 5503 1877 5554; baseline 0 -16"><span class='ocrx_word' id='word_1_319' title='bbox 1842 5503 1877 5554; x_wconf 59' lang='grc' dir='ltr'>μ</span> 
     </span>
    </p>
   </div>
   <div class='ocr_carea' id='block_1_7' title="bbox 0 0 2678 6738">
    <p class='ocr_par' dir='ltr' id='par_1_9' title="bbox 0 0 2678 6738">
     <span class='ocr_line' id='line_1_34' title="bbox 0 0 2678 6738; baseline 0 0"><span class='ocrx_word' id='word_1_320' title='bbox 0 0 2678 6738; x_wconf 95' lang='lat' dir='ltr'><strong> </strong></span> 
     </span>
    </p>
   </div>
  </div>
 </body>
</html>
