5332 6738
1440 791 1485 862 12

635 1053 833 1130 consulum
860 1053 987 1126 fuerit.
1041 1048 1083 1124 ld
1111 1053 1211 1124 enim
1239 1055 1415 1124 constare
1441 1049 1624 1152 affirmat,
1660 1053 1730 1128 hos
1758 1079 1781 1127 a
1805 1053 1889 1128 Kal.
1915 1053 2035 1128 Iuniis
2062 1057 2290 1153 magistratu

633 1185 787 1258 functos
815 1205 912 1282 esse,
940 1179 1041 1279 quod
1068 1178 1117 1253 ib.
1135 1179 1184 1278 Il,
1210 1177 1345 1277 p110.
1373 1178 1508 1254 Dionis
1534 1185 1753 1256 testimonio
1767 1181 1887 1281 LVII,
1910 1183 2004 1282 14¹)
2032 1189 2071 1256 et
2088 1181 2291 1282 Borghesii

636 1316 862 1388 auctoritate
890 1333 974 1409 opp.
987 1309 1025 1408 I,
1053 1333 1087 1408 p.
1102 1308 1188 1382 489.
1216 1306 1460 1382 demonstrat.
1501 1308 1556 1382 At
1582 1334 1676 1384 vero
1704 1309 1794 1408 quid
1820 1311 1975 1386 tandem
1994 1311 2068 1386 Dio
2094 1311 2290 1386 narravit?

634 1442 782 1540 Nempe
808 1440 902 1514 nihil
927 1444 1001 1514 nisi
1027 1439 1110 1537 hoo,
1129 1436 1322 1511 Tiberium
1342 1441 1587 1513 constituisse
1610 1447 1654 1513 ut
1677 1444 1742 1537 qui
1766 1444 1983 1538 provincias
2005 1445 2128 1514 sortiti
2150 1447 2289 1538 essent,

635 1594 684 1644 ne
719 1576 1004 1643 antecessorum
1041 1566 1187 1640 reditus
1222 1566 1488 1665 impediretur,
1526 1575 1614 1642 ante
1640 1568 1834 1644 Kalendas
1865 1569 1995 1644 Iunias
2032 1593 2082 1644 ex
2106 1567 2201 1644 urbe
2227 1569 2291 1642 vel

638 1723 688 1774 ex
713 1698 826 1772 Italia
852 1697 1189 1795 proficiscerentur.
1242 1694 1480 1794 Borghesius
1516 1704 1644 1772 autem
1677 1705 1827 1773 tontum
1855 1698 1964 1773 abest
1989 1705 2033 1774 ut
2061 1699 2292 1774 Mommsoni

638 1830 866 1901 sententiam
894 1831 1047 1900 tucatur
1073 1831 1117 1897 ut
1142 1822 1298 1899 Vibium
1325 1825 1498 1903 Marsum
1525 1833 1638 1903 tertio
1677 1829 1970 1928 proconsulatus
1997 1852 2096 1903 anno
2128 1827 2216 1903 inde
2244 1825 2291 1901 ab

637 1965 724 2032 octo
759 1955 907 2030 ultimis
943 1959 1033 2028 anni
1061 1956 1119 2029 30.
1154 1955 1351 2030 mensibus
1387 1980 1510 2054 usque
1544 1956 1589 2032 ad
1625 1964 1789 2057 quatuor
1824 1961 1968 2056 primos
2003 1961 2167 2056 proximi
2203 1959 2292 2031 anni

637 2085 812 2159 functum
840 2109 927 2158 esse
955 2084 1168 2159 contendat
1222 2082 1323 2174 Quid
1350 2087 1450 2184 quod
1479 2111 1526 2161 ne
1562 2088 1656 2162 haec
1684 2088 1836 2187 quidem
1873 2095 2088 2184 temporum
2123 2086 2291 2160 definitio

639 2213 787 2289 stabilis
815 2220 853 2288 at
879 2221 1079 2288 immutata
1105 2219 1324 2314 permansit.
1361 2215 1482 2291 Miror
1510 2222 1610 2292 enim
1636 2219 1798 2293 alterum
1814 2217 1949 2291 Dionis
1974 2216 2099 2291 locum
2121 2214 2206 2314 LX,
2235 2216 2294 2287 ll.

640 2342 929 2418 aMommseno
957 2344 1174 2444 neglectum
1202 2366 1304 2444 esse,
1340 2369 1415 2442 quo
1448 2353 1644 2446 narratur,
1679 2345 1880 2421 Claudium
1915 2354 2003 2419 ante
2029 2344 2112 2419 Ral.
2140 2343 2294 2443 Apriles

641 2473 888 2574 proconsules
915 2478 954 2546 in
980 2477 1214 2572 provinciam
1242 2473 1346 2549 abire
1373 2479 1533 2551 iussisse
1547 2476 1589 2574 ²).

745 2625 873 2717 Quum
900 2630 1017 2725 igitur
1043 2627 1290 2725 profectionis
1326 2635 1480 2727 tempus
1517 2629 1758 2728 aliquatenus
1793 2636 1942 2704 tanturn
1978 2629 2065 2727 lege
2092 2626 2295 2702 Tiberiana

642 2759 840 2835 definitum
876 2766 996 2857 esset,
1039 2757 1228 2832 adventus
1262 2782 1330 2856 pro
1366 2765 1563 2858 regionum
1598 2759 1876 2858 longinquitate
1908 2764 2094 2858 variarat,
2128 2782 2203 2831 non
2234 2761 2296 2830 vi-

643 2888 755 2962 detur
788 2890 871 2962 veri
907 2886 1047 2987 simile,
1093 2886 1229 2961 urbani
1263 2893 1511 2988 magistratus
1553 2894 1703 2964 initium
1737 2887 1785 2963 ad
1822 2895 1967 2963 incerta
2001 2887 2295 2987 proconsulatus

644 3026 816 3117 tempora
842 3023 966 3116 magis
995 3041 1107 3114 quam
1136 3016 1183 3090 ad
1205 3025 1309 3091 certa
1329 3017 1474 3092 urbana
1494 3018 1681 3093 etItaliae
1703 3019 1827 3093 officia
1849 3017 2175 3092 accommodatum
2198 3039 2295 3113 esse,

645 3148 784 3246 quibus
812 3171 897 3220 oum
926 3145 1145 3221 consulibus
1173 3153 1395 3246 quaestores
1423 3148 1761 3248 coniungebantur.
1802 3146 1889 3246 Qui,
1917 3153 1950 3222 si
1978 3154 2200 3245 quaestores
2212 3143 2296 3219 Kal.

647 3278 767 3353 Iuniis
782 3279 1050 3375 magistratum
1066 3280 1237 3375 inissent,
1252 3277 1335 3351 sive
1347 3281 1560 3352 trimestres
1582 3283 1664 3352 sive
1679 3276 1977 3376 quadrimestres
1991 3280 2073 3350 sive
2089 3280 2294 3349 semestres

645 3411 727 3481 sive
762 3404 964 3480 bimestres
991 3429 1142 3503 semper
1176 3429 1252 3480 non
1286 3406 1438 3480 eosdem
1475 3414 1698 3503 quaestores
1733 3404 1933 3480 adiunctos
1969 3403 2177 3503 habebant,
2220 3426 2295 3500 quo

644 3535 735 3633 quid
761 3537 844 3609 lieri
870 3541 995 3635 potuit
1021 3534 1303 3634 importunius?

747 3692 831 3765 Hoc
859 3714 1011 3788 quoque
1038 3689 1303 3765 eMommseni
1330 3696 1519 3766 sententia
1546 3691 1747 3764 molestum
1770 3698 1846 3788 est,
1873 3689 1975 3788 quod
1994 3691 2201 3786 quaestorii
2222 3710 2297 3760 non

643 3845 719 3896 uno
757 3843 855 3894 anno
892 3819 959 3893 sed
996 3819 1205 3893 octodecim
1239 3821 1320 3893 fere
1362 3818 1557 3893 mensibus
1597 3826 1684 3918 post
1727 3824 1992 3918 magistratum
2028 3817 2076 3890 od
2117 3819 2299 3889 maiorem

645 3948 806 4049 gradum
834 3954 1034 4047 pervenire
1060 3955 1247 4047 poterant.
1297 3949 1433 4047 Neque
1460 3955 1613 4023 omnino
1641 3955 1695 4022 sic
1722 3947 1924 4047 Agricolae
1952 3955 2167 4046 temporum
2201 3949 2299 4018 ratio

646 4084 847 4151 constaret.
887 4075 963 4167 Qui
991 4082 1024 4151 si
1051 4077 1169 4151 aKal.
1196 4079 1278 4153 Iun.
1306 4084 1394 4152 anni
1417 4081 1476 4153 64.
1499 4103 1622 4177 usque
1647 4079 1693 4153 ad
1714 4077 1827 4151 finem
1839 4077 1934 4151 Maii
1957 4081 2099 4150 mensis
2130 4081 2218 4148 anni
2241 4075 2300 4148 65.

646 4215 827 4305 quaestor
853 4209 943 4308 fuit,
971 4213 1149 4305 quoniam
1177 4207 1240 4282 lex
1267 4233 1314 4282 ne
1342 4209 1507 4283 bonores
1535 4214 1847 4283 continuarentur
1873 4211 1927 4280 ita
1949 4204 2118 4304 vetabat,
2145 4209 2301 4278 utinter

647 4335 743 4411 duos
770 4313 1019 4437 magistratus
1046 4361 1122 4411 non
1150 4343 1239 4412 anni
1265 4364 1355 4437 pars
1377 4338 1444 4413 sed
1463 4345 1612 4438 integer
1635 4361 1757 4412 annus
1778 4341 1983 4411 interesset
1998 4334 2061 4433 (cl.
2075 4333 2301 4408 Mommsen.

646 4491 681 4566 p.
709 4467 799 4566 82),
837 4476 925 4542 ante
961 4469 1059 4542 diem
1085 4467 1135 4542 X.
1162 4465 1383 4542 Decembris
1411 4471 1499 4542 anni
1526 4469 1585 4542 67.
1613 4467 1809 4566 tribunus,
1844 4472 1974 4563 itaque
2002 4471 2090 4538 ante
2114 4462 2201 4538 Kal.
2228 4463 2301 4536 lan.

678 4703 765 4709 -——-
782 4705 837 4710 -.
860 4705 914 4712 ——0-
929 4706 969 4712 -.-
1011 4705 1056 4711 --α-
1099 4706 1111 4710 -.
1124 4707 1135 4710 -
1149 4705 1225 4712 --..-
1239 4705 1349 4711 .-..----
1370 4705 1385 4710 0
1405 4702 1705 4710 ..-.-.-—--—.-...-—-
1731 4703 1739 4707 -
1756 4701 1949 4708 .-—-.·----
1963 4701 2002 4706 -...
2113 4699 2186 4706 ...—

758 4865 1124 4959 1)Ἐπειιίν,ῗεεοοχνοί
1154 4874 1221 4940 τῶν
1249 4869 1291 4940 τὰ
1314 4868 1397 4960 itaq
1426 4869 1649 4961 κληρουμένων
1676 4865 1732 4937 ἐπὶ
1765 4863 1850 4936 πολι)
1879 4863 1912 4934 ε”ν
1940 4891 1975 4935 ιε
2002 4869 2041 4956 τῇ
2064 4859 2161 4954 Ρολμῃ
2184 4865 2238 4931 καί
2267 4862 2302 4931 ἐν

648 4984 689 5074 τῇ
704 4985 802 5074 λοιπῇ
815 4979 936 5071 Ἰταλίᾳ
954 4983 1164 5072 ἐνδιέτριβεν,
1187 4978 1271 5051 ὥστε
1291 4979 1368 5059 τούς
1385 4978 1612 5074 προάρξαντος
1629 4979 1736 5049 αὐτῶν
1747 4973 1840 5070 tropo}
1856 4974 1893 5046 ad
1909 4971 2114 5065 καθεστηκός
2129 4975 2300 5068 χρονίζειν,

650 5091 791 5165 ἐκέλευσε
816 5097 936 5188 σφίσιν
957 5093 1073 5172 ε’νιὸς
1094 5098 1151 5184 τῆς
1173 5098 1229 5165 νοῦ
1250 5095 1380 5165 Ἰουνίου
1401 5093 1579 5183 νουμηνίας
1601 5087 1894 5184 ἀφορμᾶσθαι.
1972 5135 1975 5142 ·

758 5235 785 5321 ²)
808 5231 1094 5323 ἐνομοθέτησε...
1117 5225 1191 5310 rode
1212 5259 1248 5302 re
1269 5226 1454 5320 κληρωτοὺς
1476 5227 1638 5319 ἄρχοντος
1658 5226 1723 5322 πρὸ
1746 5233 1801 5320 τῆς
1818 5233 1879 5299 τοῦ
1895 5225 2094 5320 Ἀπριλλίου
2116 5227 2303 5317 νουμηνίας,

650 5341 831 5436 ἐπειδήπερ
853 5345 910 5414 ε’νιί
933 5341 1018 5417 πολύ
1040 5345 1074 5413 ἐν
1096 5349 1143 5432 τῴ
1165 5343 1255 5415 ἄστει
1278 5340 1459 5434 ἕχρόνιζον,
1480 5337 1715 5432 ιίφορμᾶσθαι.
