5332 6738
1449 861 1471 935 6

1359 981 1562 990 -n——n--n-

749 1117 857 1210 Quae
884 1123 1010 1196 autern
1037 1123 1078 1193 in
1104 1123 1338 1217 narratione,
1366 1121 1439 1190 nisi
1466 1115 1512 1190 de
1540 1118 1711 1189 oratione
1738 1118 1900 1212 cogites,
1926 1109 2153 1210 reprehendi
2178 1108 2291 1183 Hiib-

645 1271 761 1323 uerus
795 1253 945 1347 censet,
985 1247 1079 1322 mihi
1114 1246 1266 1345 quidem
1299 1246 1345 1320 ab
1382 1249 1484 1320 omni
1516 1243 1808 1343 reprehensione
1829 1240 2009 1316 videntur
2043 1261 2129 1314 esse
2161 1237 2290 1312 libera

645 1377 744 1451 Nam
771 1376 818 1451 de
845 1401 942 1452 anno
965 1375 1168 1475 Agricolae
1194 1375 1312 1449 natali
1337 1376 1420 1450 loco
1448 1377 1543 1448 satis
1569 1371 1703 1447 idoneo
1730 1371 1882 1446 loeutus
1910 1377 1969 1445 est
1997 1371 2158 1466 scriptor
2184 1389 2214 1440 c.
2229 1367 2290 1466 44,
2386 1417 2390 1422 -

647 1504 735 1580 dum
762 1504 910 1579 natales
938 1529 1024 1579 cum
1051 1509 1173 1578 morte
1200 1507 1413 1602 coniungit,
1449 1503 1642 1600 aliquanto
1677 1502 1890 1574 accuratius
1917 1521 2031 1596 quam
2059 1495 2290 1570 Plutarchus

647 1641 686 1708 et
711 1639 794 1732 ipse
814 1631 1020 1710 Sallustius
1048 1637 1113 1731 qui
1138 1632 1184 1707 de
1198 1631 1384 1708 Catilinae
1411 1639 1536 1707 aetate
1561 1630 1656 1706 nihil
1683 1631 1834 1703 omnino
1860 1625 2067 1701 tradiderit.
2102 1623 2162 1699 Ac
2190 1621 2291 1720 quod

647 1762 693 1837 de
719 1769 812 1861 toga
835 1763 936 1837 virili
963 1767 1100 1860 tacuit,
1135 1786 1228 1836 sano
1254 1761 1392 1836 iudicio
1418 1785 1514 1836 usus
1542 1783 1639 1857 quae
1667 1759 1713 1833 de
1739 1756 1915 1832 omnibus
1942 1755 2115 1829 valerent
2140 1751 2292 1828 intelle-

646 1892 771 1992 genda
797 1896 919 1991 magis
934 1916 1062 1990 ,quam
1088 1891 1314 1967 declaranda
1340 1913 1425 1966 esse
1462 1890 1667 1965 arbitratus
1704 1893 1773 1962 est.
1824 1884 1989 1981 Reliqua
2021 1887 2290 1981 imperatorum

646 2021 861 2096 nominibus
889 2019 1027 2094 additis
1055 2025 1149 2096 satis
1176 2019 1340 2094 dilucide
1367 2018 1550 2094 distinxit

747 2151 923 2249 Denique
949 2173 1099 2226 summa
1125 2173 1201 2248 qua
1226 2152 1346 2224 soceri
1373 2148 1457 2222 laus
1485 2153 1691 2222 exornatur
1722 2172 1785 2222 ars
1813 2149 2000 2242 exemptis
2034 2143 2109 2218 illis
2142 2165 2162 2215 e
2194 2140 2291 2214 libro

644 2279 862 2377 luminibus,
889 2277 1042 2377 Calgaci
1070 2285 1108 2353 et
1122 2276 1324 2376 Agricolae
1344 2275 1598 2377 contionibus,
1625 2283 1707 2351 tota
1725 2280 1846 2376 periit
1872 2273 1969 2349 Cum
1987 2277 2087 2348 enim
2102 2269 2290 2368 usquead

646 2416 864 2506 susceptam
876 2407 1096 2481 Britanniae
1124 2406 1487 2480 administrationem
1513 2410 1679 2479 narratio
1707 2407 1985 2505 properaverit,
2012 2406 2051 2476 in
2078 2399 2291 2500 expeditio-

645 2537 757 2613 nibus
791 2535 998 2635 Agricolae
1038 2533 1293 2612 describendis
1332 2537 1547 2608 remissiore
1594 2558 1708 2609 eursu
1750 2537 1997 2633 processerit,
2043 2536 2083 2606 in
2127 2530 2290 2606 culmine

645 2666 787 2765 gloriae
815 2672 929 2764 atque
956 2663 1080 2740 laudis
1106 2669 1160 2738 ita
1192 2669 1415 2739 immoratur
1449 2671 1565 2762 atque
1599 2668 1790 2762 consistit,
1823 2669 1868 2738 ut
1903 2666 2013 2761 quasi
2046 2665 2168 2735 invita
2201 2659 2289 2734 inde

645 2794 693 2868 ad
721 2798 867 2868 exitum
892 2799 967 2868 viri
994 2798 1139 2894 egregii
1166 2818 1211 2867 ac
1248 2792 1543 2867 dominationem
1571 2796 1834 2867 saevissimam
1863 2795 2043 2890 principis
2076 2789 2290 2866 descendat.

645 2920 745 3012 Quid
772 2922 872 3018 quod
898 2926 981 3020 ipso
1010 2946 1122 3018 quem
1150 2945 1241 2995 sane
1269 2926 1439 2996 cuiusvis
1461 2925 1642 2998 orationis
1662 2926 1923 2995 ornamentum
1951 2945 2036 2995 esse
2063 2943 2177 3020 posse
2199 2945 2291 2994 con-

643 3050 755 3150 cedo,
797 3050 997 3149 epilogo
1033 3052 1197 3126 fortasse
1232 3076 1307 3126 non
1342 3058 1421 3124 tam
1455 3059 1626 3126 oratores
1666 3054 1836 3125 imitatus
1877 3057 1936 3124 est
1976 3053 2138 3148 scriptor
2175 3072 2289 3146 quam

645 3203 709 3254 eas
749 3202 845 3278 quas
884 3178 985 3277 apud
1020 3178 1243 3255 Sallustium
1278 3185 1467 3256 orationes
1502 3187 1703 3278 repererat.
1756 3176 1885 3269 Quum
1923 3182 2023 3252 enim
2059 3182 2195 3276 capitis
2230 3179 2290 3252 45.

642 3311 790 3384 initium
805 3307 1007 3404 manifesta
1020 3311 1229 3381 imitatione
1245 3309 1363 3383 eloco
1385 3307 1620 3383 nobilissimo
1633 3306 1825 3382 Ciceronis
1849 3306 1895 3380 de
1909 3313 2059 3381 oratore
2071 3305 2139 3406 III,
2155 3307 2188 3380 2.
2204 3313 2243 3380 ot
2257 3308 2290 3381 3.

644 3441 916 3534 expressisset,
954 3436 1219 3511 allocutionem
1252 3437 1355 3510 illam
1390 3461 1466 3534 qua
1500 3441 1614 3511 etiam
1648 3441 1764 3513 ieiuni
1803 3441 2008 3535 scriptores
2044 3435 2289 3533 delectantur,

641 3565 764 3641 veluti
789 3565 936 3640 Plinius
963 3572 1037 3640 nat
1064 3566 1153 3640 hist.
1179 3565 1274 3666 VII,
1298 3567 1358 3665 16,
1394 3567 1703 3641 exorationibus
1731 3565 1904 3642 Sallustii
1933 3563 2040 3639 Catil.
2068 3565 2138 3665 51,
2167 3565 2224 3638 18.
2252 3575 2291 3638 et

642 3695 684 3768 L.
711 3693 879 3794 Philippi
907 3669 1116 3793 lb'potuit
1142 3694 1351 3770 desumere.

633 3889 639 3896 .
745 3825 818 3899 His
844 3829 877 3898 si
914 3823 1122 3921 addideris,
1158 3823 1260 3922 quod
1285 3824 1459 3900 Licates
1492 3825 1539 3900 de
1576 3825 1747 3899 doctrina
1771 3825 1895 3898 Taciti
1929 3849 1963 3922 p.
1991 3825 2051 3899 22.
2085 3823 2291 3922 prudenter

642 3959 808 4054 monuit,
845 3960 884 4028 et
909 3959 949 4028 iu
975 3958 1167 4053 prooemio
1196 3959 1299 4029 etin
1325 3960 1542 4029 narratione
1569 3961 1608 4028 et
1634 3958 1672 4028 in
1701 3953 1850 4053 epilogo
1877 3978 1954 4029 non
1981 3954 2196 4052 aequalium
2223 3952 2291 4027 sed

643 4091 882 4182 posterorum
914 4088 1132 4158 memoriam
1159 4087 1265 4183 inici,
1301 4094 1459 4159 eatenus
1494 4091 1643 4158 tantum
1670 4082 1852 4158 Hiibnero
1889 4082 2172 4157 assentiendum
2206 4107 2291 4156 esse

642 4205 858 4313 intelleges,
886 4213 987 4310 quod
1014 4220 1102 4287 ante
1129 4213 1199 4288 hos
1227 4214 1671 4314 quadragintaquinque
1699 4237 1818 4288 annos
1845 4213 1999 4288 Mohrtua
2024 4213 2292 4287 animadvertit

644 4341 953 4441 (Bemerkungen
985 4367 1034 4417 zu
1068 4342 1225 4418 Tacitus
1256 4341 1439 4441 Agricola
1477 4368 1510 4441 p.
1540 4343 1627 4442 17),
1669 4351 1713 4418 ut
1752 4349 1873 4418 vitam
1906 4342 2113 4416 laudationi
2147 4341 2292 4416 substi-

642 4477 766 4546 tutam
794 4495 879 4546 esse
906 4479 1022 4568 atque
1049 4472 1241 4571 epilogum
1269 4472 1440 4548 funebris
1455 4472 1684 4548 laudationis
1703 4476 1907 4572 imaginem
1929 4471 2109 4545 exhibere
2123 4494 2290 4546 censeas.

746 4601 842 4674 Nam
871 4599 967 4674 haec
995 4599 1146 4698 quidem
1174 4598 1381 4698 probabilis
1408 4605 1625 4675 coniectura
1652 4601 1803 4676 videtur
1831 4625 1934 4699 esse,
1961 4602 2134 4676 Tacitum
2159 4626 2182 4674 a
2206 4601 2290 4676 foro

643 4737 682 4803 ct
716 4733 822 4804 curia
855 4736 1044 4803 recentem
1085 4728 1302 4803 laudatione
1338 4754 1415 4824 qua
1453 4729 1586 4804 consul
1619 4755 1650 4803 a.
1686 4732 1745 4803 ct.
1797 4729 1971 4829 Verginii
2004 4729 2093 4804 Rufi
2127 4736 2291 4804 virtutes

643 4858 793 4958 publice
829 4860 1053 4958 celebravit,
1094 4858 1143 4933 ad
1178 4861 1299 4934 soceri
1333 4861 1554 4933 memoriam
1589 4867 1808 4934 revocatum
1842 4865 2127 4935 monumentum
2156 4864 2292 4956 quavis

643 4993 813 5063 oratione
839 4993 1042 5086 perennius
1070 4993 1105 5063 ei
1132 4993 1278 5086 erigere
1305 4993 1496 5062 statuisse.
1532 4986 1662 5087 Atque
1684 4989 1787 5062 illam
1810 4994 2019 5063 orationem
2046 5013 2067 5062 e
2093 4988 2292 5063 verisimili

642 5116 845 5192 anmacrrr'
876 5121 1094 5192 coniectura
1120 5115 1300 5215 (Hermes
1326 5117 1394 5216 111,
1421 5142 1455 5216 p.
1479 5114 1543 5217 38)
1579 5117 1712 5192 ultimo
1747 5123 1835 5192 anni
1863 5120 1921 5191 97.
1955 5117 2121 5192 nundino
2158 5117 2291 5192 consul

642 5247 786 5346 habuit,
814 5253 852 5320 et
866 5245 1019 5320 videtur
1046 5271 1138 5321 sane
1165 5246 1310 5320 diutino
1338 5271 1412 5344 quo
1426 5245 1635 5346 Verginius
1662 5247 1793 5322 consul
1822 5245 2033 5321 ordinarius
2060 5245 2191 5320 morbo
2218 5251 2291 5320 im-

644 5375 797 5475 plicitus
817 5374 971 5449 tandem
993 5373 1169 5450 occubuit
1182 5373 1303 5450 Taciti
1328 5381 1576 5474 magistratus
1598 5375 1644 5450 ab
1669 5377 1788 5450 altero
1811 5377 1980 5451 eiusdem
2006 5380 2093 5449 anni
2123 5374 2290 5449 nundino
