5332 6738
1189 869 1236 942 31

488 1127 563 1219 Qui
591 1151 678 1201 cum
704 1125 887 1200 laureatis
916 1125 1016 1200 baud
1044 1126 1156 1202 dubie
1183 1127 1321 1200 litteris
1350 1149 1447 1224 quae
1480 1128 1675 1226 praeclare
1712 1137 1931 1230 peregerat,
1968 1136 2043 1206 im-

359 1261 553 1356 ·pcratori
580 1260 817 1354 nuntiasset,
843 1256 934 1330 lecit
960 1255 1024 1330 ille
1052 1253 1151 1352 quod
1180 1253 1356 1353 decebat,
1385 1277 1628 1354 summosque
1651 1262 1686 1330 ei
1711 1263 1774 1355 qui
1790 1260 1937 1334 civibus
1952 1269 2042 1335 tunc

383 1385 583 1484 patebant,
620 1387 786 1458 honores
813 1384 965 1484 habuit,
1002 1383 1221 1482 triumphalia
1246 1398 1446 1458 amatodo
1480 1383 1692 1483 dequibus
1720 1388 1934 1462 luculenter
1962 1394 2041 1489 egit

384 1514 567 1613 Borghes.
595 1513 719 1588 annal.
750 1513 860 1588 1864.
888 1537 923 1611 p.
949 1516 1024 1588 336
1053 1538 1107 1611 sq.
1136 1513 1201 1610 (cf.
1228 1513 1463 1611 Marquardt.
1492 1515 1557 1614 III,
1585 1515 1620 1614 2,
1647 1542 1682 1614 p.
1706 1517 1808 1614 452),
1837 1525 1876 1590 et
1901 1517 2042 1593 illusae

382 1655 513 1718 statuae
539 1643 695 1717 donoraa
722 1647 760 1716 in
779 1631 888 1741 loro,
922 1649 1035 1741 puta,
1069 1643 1239 1741 Augusti
1267 1643 1469 1741 erigendae
1504 1669 1527 1716 a
1562 1651 1698 1718 senatu
1732 1645 1881 1719 decerni
1919 1651 2041 1722 lussit.

383 1771 487 1848 Vere
514 1780 642 1848 autem
671 1777 844 1871 proximo
872 1798 904 1846 a.
917 1774 975 1846 85.
1004 1794 1262 1846 successorem
1290 1777 1408 1870 misit,
1437 1778 1497 1846 cui
1519 1773 1735 1869 procinctam
1752 1774 1902 1872 quietam
1921 1789 2041 1850 batam

383 1928 449 2001 que
474 1903 656 2001 Agricola
682 1902 847 1978 tradidit.
899 1902 1034 1999 Neque
1061 1899 1100 1973 id
1127 1907 1280 1976 omnino
1309 1907 1510 2000 quisquam
1539 1908 1699 2001 principi
1727 1905 1860 2004 culpae
1888 1914 2040 1980 vertere

383 2037 527 2132 potuit,
578 2032 680 2128 quod
729 2034 898 2132 legatum
941 2037 1006 2128 qui
1046 2055 1114 2129 per
1156 2037 1303 2129 septem
1339 2033 1421 2106 lere
1460 2055 1579 2105 annos
1620 2037 1641 2106 i.
1674 2057 1704 2106 e.
1744 2033 1858 2133 duplo
1899 2035 2041 2110 diutius

384 2184 498 2258 quam
527 2167 670 2261 egregii
700 2163 816 2236 duces
843 2163 1014 2260 plerique
1043 2185 1176 2236 omnes
1191 2162 1221 2258 ¹)
1249 2165 1483 2260 provinciam
1512 2163 1746 2259 obtinuerat,
1782 2165 1934 2238 tandem
1971 2165 2042 2238 ali-

386 2290 536 2388 quando
566 2297 771 2366 revocavit.
807 2291 903 2364 Eam
932 2299 1060 2365 tamen
1087 2296 1197 2364 amici
1225 2316 1245 2364 e
1272 2291 1475 2390 magnifica
1500 2295 1681 2390 principis
1710 2299 1899 2393 oratione,
1929 2319 2041 2391 quam

384 2426 423 2494 in
451 2429 587 2494 senatu
614 2445 796 2519 praesens
820 2421 977 2494 Tacitus
1005 2419 1167 2518 audivit,
1208 2444 1314 2519 spem
1351 2431 1617 2519 conceperant,
1657 2423 1739 2496 fore
1774 2432 1817 2498 ut
1846 2429 1975 2497 statim
2002 2429 2040 2496 in

385 2549 535 2650 Syriam
562 2551 713 2650 legatus
737 2556 971 2650 mitteretur,
998 2573 1143 2623 auarum
1169 2561 1241 2622 tam
1266 2562 1369 2622 maome
1383 2549 1481 2622 Atilii
1497 2549 1580 2648 Rufi
1602 2551 1788 2626 coaralam'a
1810 2566 1840 2625 et
1858 2553 2042 2628 martam

383 2693 600 2754 reaaaatam.
655 2678 741 2770 Quo
770 2703 862 2754 sane
890 2679 1066 2777 exemplo
1094 2683 1152 2752 uti
1177 2678 1324 2752 licebat.
1376 2679 1474 2752 Nam
1502 2679 1543 2752 T.
1572 2681 1731 2754 Atilium
1759 2681 1903 2756 Rufum
1933 2707 1963 2754 a.
1983 2683 2040 2756 80.

387 2811 557 2909 legatum
584 2810 805 2884 Pannoniae
830 2811 952 2882 fuisse
980 2807 1144 2905 indeque
1171 2806 1218 2880 ad
1246 2805 1395 2906 Syriam
1430 2808 1647 2884 ascendisse
1685 2835 1704 2883 o
1733 2809 1937 2910 diplomate
1965 2811 2041 2886 Titi

386 2939 573 3038 (Hannon.
584 2939 704 3039 5428)
719 2943 795 3012 iam
807 2935 1063 3036 Nipperdeius
1077 2937 1208 3010 eodem
1223 2937 1304 3009 loco
1321 2935 1435 3034 (mus.
1446 2937 1566 3010 Rben.
1577 2936 1725 3036 XVIII,
1739 2963 1773 3036 p.
1785 2940 1879 3037 364)
1894 2945 2041 3014 mauult

386 3093 461 3167 quo
490 3075 605 3143 etiam
631 3068 786 3143 titulum
802 3065 998 3140 Decidiani
1027 3065 1079 3163 (p.
1096 3065 1163 3162 10)
1192 3073 1480 3164 commemorat,
1508 3072 1622 3163 atque
1650 3071 1822 3164 ignotum
1849 3068 2040 3142 bominem

387 3224 410 3272 a
433 3197 637 3272 Germania
671 3197 718 3270 ad
745 3197 965 3270 Britanniae
992 3195 1222 3292 legationem
1250 3192 1412 3291 denique
1441 3193 1488 3268 ad
1516 3193 1649 3294 Syriae
1677 3195 2039 3271 administrationem

385 3333 602 3425 promotum
630 3349 726 3425 esse,
754 3324 1005 3398 Burbuleium
1033 3349 1053 3396 e
1081 3321 1323 3422 Cappadocia
1348 3329 1387 3397 in
1415 3323 1564 3423 Syriam
1592 3329 1778 3398 transisse
1805 3324 2040 3424 Borghesius

384 3455 452 3554 IV,
472 3481 508 3551 p.
522 3456 594 3529 168
617 3478 698 3553 sqq.
719 3453 856 3528 docuit.
883 3454 1067 3552 Princeps
1095 3460 1223 3526 autem
1235 3453 1473 3551 Agricolam,
1501 3477 1590 3528 rerc
1619 3457 1707 3526 anni
1721 3455 1820 3553 85.⁹)
1848 3458 1886 3526 in
1908 3455 2039 3528 urbem

387 3611 584 3660 reversum
612 3584 749 3683 frigIdc
778 3587 930 3682 excepit
956 3591 1072 3681 atque
1100 3581 1147 3656 ad
1173 3582 1346 3658 umbram
1374 3587 1545 3681 privatae
1563 3588 1666 3656 vitae
1688 3589 1862 3658 coercuit.
1888 3583 1947 3657 Ne
1969 3585 2041 3658 hoc

387 3717 539 3815 quidem
566 3696 1114 3814 magnopere-vituperandum
1132 3713 1295 3810 videtur,
1322 3717 1544 3786 meminerat
1565 3717 1665 3787 enim
1685 3718 1827 3788 veteris
1847 3719 2040 3814 praecepti

385 3845 488 3944 quod
513 3844 730 3918 Maecenati
754 3844 889 3917 tribuit
915 3842 989 3918 Dio
1018 3841 1123 3918 Caes.
1152 3841 1259 3940 LIII,
1289 3843 1347 3915 23.
1375 3841 1432 3914 cll.
1458 3839 1550 3939 LX,
1579 3844 1646 3941 25,
1683 3869 1731 3918 ne
1758 3844 1922 3918 honores
1950 3867 2039 3944 pro-

386 3975 569 4050 vinciales
594 3979 890 4049 continuaretur.
919 3972 1030 4063 Quod
1046 3977 1144 4047 enim
1161 3972 1207 4046 de
1221 3976 1294 4044 isto
1317 3971 1442 4044 liberti
1455 3974 1592 4044 itinere
1608 3970 1730 4068 deque
1744 3973 1922 4046 mandato
1936 3980 2041 4072 prin-

385 4109 480 4203 cipis
501 4129 655 4178 narrare
669 4103 826 4177 Tacitus
846 4127 921 4176 non
939 4102 1167 4201 dedignatus
1182 4109 1242 4175 est
1263 4125 1291 4172 c.
1304 4102 1366 4197 40,
1393 4100 1431 4174 id
1458 4125 1499 4174 ea
1524 4100 1657 4199 inperio
1680 4101 1848 4200 prtampr'a
1862 4104 1986 4201 fictum
2011 4119 2042 4178 et

386 4232 604 4332 compositam
635 4256 721 4308 esse
736 4231 939 4330 Agricolae
963 4232 1112 4305 silentio
1136 4230 1437 4328 demonstratur,
1464 4234 1530 4327 qui
1558 4234 1733 4304 iniuriam
1755 4237 1935 4331 prinprie
1958 4259 2041 4308 ma-

385 4363 561 4461 lignitate
589 4345 627 4435 et
652 4359 779 4435 liberti
806 4361 1010 4434 insolentia
1036 4366 1230 4458 acceptam
1264 4381 1447 4457 generum
1481 4358 1582 4432 haud
1610 4359 1723 4434 dubie
1755 4385 1831 4434 non
1866 4363 2039 4437 celasset.

383 4491 522 4589 Neque
549 4515 781 4591 magnopere
807 4499 889 4564 turn
917 4490 1069 4589 quidem
1096 4493 1256 4588 principi
1282 4493 1433 4564 invisus
1451 4487 1604 4562 videtur
1628 4515 1731 4589 csse,
1758 4515 1845 4564 nam
1867 4493 2037 4566 crebro—

383 4620 503 4694 abacta
528 4633 728 4710 maeatas,
756 4620 875 4694 absona
901 4619 1118 4695 absolutus
1143 4631 1206 4709 cst,
1233 4626 1348 4716 atque
1367 4617 1468 4715 quod
1490 4641 1630 4717 genero
1649 4643 1748 4694 anno
1764 4620 1822 4694 88.
1835 4626 2039 4719 praecipue

384 4747 485 4823 ludis
513 4749 774 4824 saecularibus
801 4755 942 4848 insIgni
967 4758 1184 4847 praeturam
1213 4749 1334 4849 dedit,
1370 4773 1503 4822 socero
1530 4773 1681 4847 quoque
1708 4757 1860 4848 gratum
1899 4751 2039 4826 fecisse
2069 4793 2073 4802 ·

494 4959 675 4966 -..---.--......
702 4960 708 4965 .
741 4959 959 4965 --.----...
981 4960 999 4965 -
1031 4960 1081 4965 .-..
1097 4959 1311 4966 --—„-.-...-..

492 5075 517 5157 ¹)
540 5074 689 5138 Alterum
712 5074 901 5160 Agricolam
925 5074 1003 5141 Sex.
1028 5074 1239 5172 (lplpurnium
1261 5073 1400 5159 amplius
1423 5096 1483 5140 sex
1506 5097 1608 5141 annos
1630 5097 1659 5142 a.
1673 5078 1829 5141 roa-69.
1852 5075 2039 5145 Britanniae

384 5186 529 5273 legatum
552 5187 657 5252 luisse
679 5186 856 5251 Hiibnerus
879 5186 990 5250 docuit
1012 5187 1032 5251 l.
1055 5187 1076 5251 l.
1098 5209 1129 5274 p.
1154 5189 1204 5251 61.

495 5299 522 5380 ²)
544 5299 666 5364 Nescio
699 5303 782 5364 enirn
821 5299 899 5384 quid
930 5298 1151 5364 cardinalium
1184 5297 1318 5383 diplomi
1350 5299 1510 5384 imperiali
1541 5319 1573 5386 p.
1605 5301 1685 5382 150,
1719 5303 1770 5365 aui
1800 5321 1956 5367 assensus
1989 5311 2043 5366 est

385 5411 587 5498 Borghesius
611 5411 677 5494 111,
701 5433 732 5498 p.
758 5414 828 5493 188,
852 5415 1050 5498 permoverit
1071 5422 1107 5476 ut
1129 5412 1305 5476 scrIberet:
1327 5431 1410 5476 resae
1432 5411 1462 5475 la
1481 5413 1642 5495 proriam
1664 5432 1684 5474 a
1707 5419 1782 5475 talto
1804 5413 1823 5475 l’
1845 5431 1929 5479 anno
1948 5410 2000 5477 8⁵.
