5332 6738
1186 811 1235 884 25

483 1066 675 1144 Generum
702 1075 830 1142 autern
858 1067 1001 1166 delegIt
1027 1093 1158 1166 annos,
1185 1078 1229 1142 ut
1256 1067 1419 1168 videtur,
1445 1067 1565 1144 XXII
1594 1091 1714 1142 annos
1741 1033 1882 1142 natum.
1927 1065 2036 1158 Quae
2174 1117 2181 1130 ·

380 1202 479 1272 enim
509 1223 532 1271 a
557 1197 788 1296 Nipperdeio
824 1197 873 1270 ad
910 1197 1030 1272 annal.
1067 1223 1101 1296 p.
1128 1197 1193 1276 IV.
1229 1197 1440 1273 afferuntur
1476 1205 1703 1296 argrmrenta
1735 1195 1875 1296 quibus
1911 1202 2038 1271 motus

381 1350 479 1401 anno
501 1329 560 1408 54.
588 1333 720 1401 natum
748 1351 834 1400 eum
863 1351 948 1401 esse
975 1325 1133 1426 iudicat,
1161 1337 1363 1426 propterea
1388 1352 1464 1402 non
1484 1351 1641 1426 prorsus
1662 1326 1921 1426 satisfaciunt,
1949 1330 2039 1425 quia

380 1455 504 1531 Taciti
524 1455 691 1554 dignitas
713 1459 933 1553 quaestoria
948 1455 1221 1554 aVespasiano
1246 1454 1305 1530 die
1323 1455 1473 1530 XXIII.
1494 1481 1540 1529 m.
1554 1456 1653 1531 Iunii
1673 1480 1705 1530 a.
1725 1457 1783 1529 79.
1803 1462 1952 1531 mortuo
1977 1455 2039 1530 die

381 1584 552 1660 eiusdem
575 1589 664 1658 anni
678 1585 724 1659 V.
742 1610 789 1662 m.
806 1586 1030 1662 Decembris
1057 1585 1226 1659 inchoari
1254 1610 1328 1660 non
1356 1589 1490 1684 potuit.
1530 1583 1634 1658 Nihil
1660 1587 1778 1684 igitur
1797 1581 1935 1683 obstat,
1962 1608 2038 1682 quo

382 1719 507 1788 minus
521 1714 901 1812 quindecimviratum
916 1714 1191 1812 aVespaeianc
1204 1713 1436 1788 adolescenti
1452 1712 1583 1786 datum
1605 1735 1690 1804 esse
1708 1718 1896 1810 putemus.
1932 1712 2038 1788 Haec

382 1847 482 1918 enim
511 1851 674 1941 quatuor
701 1844 1020 1942 amplissimorum
1048 1843 1295 1942 collegiorum
1322 1847 1419 1916 ratio
1447 1842 1540 1940 fuit,
1574 1849 1618 1914 ut
1645 1839 1889 1938 pontificatus
1916 1865 2065 1939 augo--

384 1981 566 2068 ratusque
580 1971 844 2047 consularibus
859 1975 971 2071 rins,
1000 1995 1153 2070 perraro
1175 1975 1375 2070 praetoriis
1389 1970 1649 2044 tribuerentur
1665 1968 1728 2067 (ci.
1749 1967 1896 2044 Seneca
1911 1969 1958 2044 de
1978 1973 2036 2043 ira

382 2101 456 2201 III,
492 2101 551 2175 31.
591 2101 779 2198 Borghesi
805 2099 881 2200 IV,
921 2125 956 2197 p.
987 2101 1069 2174 175.
1104 2099 1218 2198 451),
1265 2098 1630 2197 quIndecimviratus
1668 2104 1707 2171 et
1742 2101 2039 2195 septemviratus

383 2230 610 2330 iunioribus,
646 2235 760 2305 etiam
789 2235 1010 2328 priusquam
1038 2233 1267 2303 senatoriam
1297 2234 1463 2302 aetatem
1490 2231 1818 2325 nanciscerentur,
1854 2224 2040 2300 concede-

386 2368 526 2434 rentur.
589 2361 648 2434 Ita
683 2360 724 2435 L.
760 2359 931 2436 Manlius
965 2359 1096 2434 eodem
1134 2382 1232 2432 anno
1269 2361 1446 2431 trIumvir
1479 2356 1680 2430 monetalis
1715 2356 1790 2430 tuit
1826 2363 1865 2430 et
1898 2355 2039 2430 XVvir

386 2495 505 2564 sacris
530 2490 718 2564 iactundis
746 2489 950 2590 (Borghes.
978 2489 1015 2588 I,
1043 2513 1077 2587 p.
1094 2489 1204 2587 360),
1232 2493 1286 2570 sic
1315 2484 1398 2562 Odw
1419 2484 1636 2583 pomq'fieotrra
1662 2497 1917 2584 armorumque
1942 2485 2040 2560 dono·

384 2619 469 2694 rotie
495 2621 567 2694 iam
592 2620 726 2694 santae
752 2620 924 2694 aemulum
949 2619 1125 2718 dignitatis
1151 2617 1288 2693 eddidit
1311 2630 1373 2691 aut
1396 2640 1511 2689 recena
1537 2615 1580 2690 ob
1607 2614 1705 2689 acilio
1736 2638 1884 2690 revereor
1917 2615 2041 2690 nobiles

384 2748 649 2824 adrdeaeerdulos
674 2748 775 2824 audie
800 2773 843 2824 oc
862 2748 1018 2846 paternis
1043 2725 1238 2822 sacerdotiis
1265 2747 1302 2818 in
1327 2742 1491 2820 miccium
1516 2743 1653 2818 recoluit
1680 2743 1786 2842 (Atat.
1813 2744 1842 2818 I.
1873 2745 1959 2842 Π),
1986 2749 2041 2818 sic

385 2878 548 2976 denique
591 2876 772 2953 Claudius
815 2881 1071 2976 procuratoris
1112 2875 1209 2950 libert
1249 2884 1375 2974 rogat,
1414 2874 1583 2973 sumatur
1621 2872 1734 2970 pana
1778 2871 2042 2948 sacerdotiumne

381 2999 514 3098 preda,
538 2997 712 3096 poatrrodo
738 3023 816 3072 eum
841 2997 942 3073 anam
965 2998 1154 3096 prenotari
1175 2997 1349 3096 dipnitetra
1373 3025 1456 3076 aeae
1482 3001 1686 3076 acroama
1703 3001 1816 3100 (orat.
1828 3000 1958 3077 Claud.
1973 3003 2040 3101 ΙΙ).

384 3127 514 3225 Atque
541 3127 613 3201 hoc
640 3127 941 3201 modoTaeitum
970 3131 1114 3202 conicio
1143 3135 1180 3202 et
1208 3131 1352 3230 ipsum,
1379 3140 1422 3206 ut
1436 3131 1607 3231 videtur,
1636 3135 1893 3230 procuratorIs
1910 3132 2041 3233 tilium,
2111 3196 2114 3204 .

385 3265 587 3357 postquam
602 3257 807 3356 Agricolae
831 3257 878 3331 ab
893 3257 990 3332 Iulio
1006 3255 1180 3332 Secundo
1206 3282 1255 3331 ex
1276 3258 1408 3334 eadem
1423 3262 1548 3337 Gallia
1570 3261 1729 3337 oriundo
1751 3260 1816 3357 (cf.
1832 3260 1879 3336 de
1901 3271 1993 3336 orat.
2008 3263 2042 3336 2.
2075 3309 2081 3324 ·

384 3385 540 3477 Quintil.
562 3385 613 3484 X,
637 3388 671 3485 3,
696 3386 742 3460 12
766 3410 821 3484 sq.
848 3390 1016 3484 inscript.
1044 3387 1141 3462 fabri
1169 3392 1320 3462 cretarii
1347 3387 1566 3466 CIVLSEC
1594 3417 1651 3490 ap.
1675 3390 1862 3466 Boissieu.
1892 3417 1926 3490 p.
1945 3393 2041 3485 434)

384 3516 563 3591 laudatus
591 3521 656 3616 sit,
697 3514 744 3588 ab
773 3540 817 3590 eo
846 3523 885 3590 et
911 3541 1093 3616 generum
1122 3517 1284 3592 electum
1313 3531 1352 3592 et
1379 3519 1637 3619 Vespasiano,
1675 3519 1776 3620 apud
1811 3543 1923 3617 quem
1959 3524 2042 3617 ipse

384 3669 534 3720 summa
550 3644 711 3719 florebat
731 3650 865 3744 gratia,
894 3646 1198 3720 commendatum
1228 3672 1324 3746 esse,
1352 3653 1413 3722 cui
1433 3647 1662 3724 XVviratus
1685 3674 1728 3724 ac
1751 3673 1840 3748 spes
1861 3654 2042 3723 senatorii

384 3776 527 3851 ordinis
554 3775 810 3875 conferretur,
837 3781 967 3873 Itaque
993 3776 1137 3851 factum
1167 3801 1251 3851 esse
1279 3786 1322 3852 ut
1347 3777 1468 3852 XXV
1492 3801 1612 3851 annos
1640 3785 1754 3852 natus
1784 3778 1907 3852 aTito
1936 3803 1967 3852 a.
1981 3778 2041 3852 80.

385 3913 610 4004 quaestura,
647 3913 781 4004 postea
806 3906 963 4002 reliquis
991 3913 1142 4003 praeter
1169 3907 1408 3980 consulatum
1436 3905 1724 4004 magistratibus
1759 3915 1848 3980 ante
1881 3915 2042 3982 mortem

384 4039 506 4110 soceri
534 4043 744 4109 ornaretur.

453 4229 455 4235 .
487 4164 583 4238 Post
609 4162 903 4238 consulatum
929 4163 1264 4262 igiturAgrieoiae
1291 4165 1612 4262 pontiticatus
1640 4165 1967 4240 sacerdotium
1995 4165 2042 4240 ab

384 4298 612 4391 imperatore
640 4296 806 4391 accepit,
833 4290 971 4366 liiteris
999 4300 1092 4390 puta
1120 4293 1461 4394 commendaticiis,
1490 4318 1510 4367 e
1538 4295 1676 4391 quihus
1703 4319 1727 4368 a
1747 4295 1907 4394 collegio
1924 4317 2042 4394 coop—

383 4431 488 4498 tatus
516 4430 585 4496 est.
631 4421 737 4495 Haec
765 4426 864 4496 enirn
891 4421 958 4495 illa
984 4429 1109 4496 aetate
1136 4425 1232 4496 ratio
1260 4423 1490 4521 Invaluerat,
1518 4430 1562 4496 ut
1577 4423 1753 4498 omnibus
1777 4422 2041 4499 consularibus

255 4627 258 4634 .
385 4551 598 4628 sacerdotia
641 4552 904 4628 conferrentur
945 4550 1154 4650 (Borghes.
1192 4551 1267 4650 IV,
1313 4577 1347 4650 p.
1386 4553 1484 4652 173)
1530 4557 1631 4648 iique
1677 4577 1727 4627 ex
1769 4558 2040 4653 imperatorum

384 4683 522 4756 litterIs
548 4685 587 4755 in
615 4679 777 4779 collegia
804 4706 827 4754 a
853 4680 1116 4756 sacerdotibus
1143 4686 1401 4779 reciperentur
1414 4680 1479 4778 (ci.
1493 4681 1678 4781 Borghes.
1693 4681 1766 4779 III,
1792 4707 1826 4780 p.
1841 4683 1917 4754 499
1933 4683 2042 4780 sqq).

488 4811 692 4885 Praeterea
719 4815 816 4884 tanti
835 4814 959 4883 virum
989 4813 1143 4909 egregie
1172 4809 1243 4883 sibi
1270 4809 1470 4908 probatum
1498 4811 1591 4885 fecit
1617 4815 1839 4911 Imperator,
1867 4811 2043 4886 utstatim

386 4946 408 5016 i.
446 4966 478 5017 e.
521 4965 618 5014 anno
661 4940 720 5013 78.
760 4938 960 5039 legatus
989 4940 1200 5039 Augusti
1237 4964 1319 5038 pro
1357 4947 1580 5040 praetore
1614 4940 1898 5015 Britanniae
1931 4965 2043 5040 prae-

385 5078 590 5170 poneretur
610 5074 751 5168 itaque,
779 5068 881 5167 quod
900 5076 966 5143 aut
979 5073 1078 5142 rario
1094 5069 1189 5143 alias
1211 5078 1277 5143 out
1298 5093 1503 5167 numquam
1525 5069 1607 5144 fieri
1620 5075 1774 5144 memini
1796 5069 1860 5168 (ci.
1873 5069 2042 5144 Henzen.

386 5198 506 5274 annal.
534 5199 649 5297 1862,
676 5224 709 5298 p.
728 5199 820 5297 146)
849 5199 1018 5273 eiusdem
1045 5203 1281 5298 provinciae,
1309 5203 1347 5273 in
1375 5223 1451 5297 qua
1476 5198 1654 5273 tribunus
1670 5200 1833 5273 militum
1860 5199 2043 5298 legionis-

386 5353 459 5427 que
487 5329 638 5427 Iegatus
665 5330 809 5426 iuerat,
837 5328 989 5426 legatus
1010 5353 1079 5428 pro
1101 5337 1274 5426 praetore
1296 5337 1499 5404 crearetur.
1526 5329 1570 5404 In
1587 5329 1824 5428 quambrevi
1846 5354 1920 5403 non
1934 5343 2044 5430 post-

1829 5461 1844 5506 r
