5332 6738
1164 807 1209 876 l'l

363 1064 407 1140 T.
430 1062 660 1142 Caesernius
688 1063 835 1140 Statius
862 1071 1066 1160 antequam
1092 1065 1233 1163 legioni
1260 1072 1473 1164 praeesset,
1500 1062 1624 1138 meaa
1649 1063 1697 1137 ad
1724 1062 1884 1136 dilectam
1907 1061 2016 1137 isaeo·

362 1218 491 1268 ronta
515 1192 610 1268 Divo
636 1192 820 1268 Hcdriorw
846 1193 883 1268 in
909 1193 1077 1293 cepionem
1109 1192 1401 1292 Tronapodoocm
1427 1193 1494 1292 (ib.
1524 1194 1624 1267 7420
1652 1193 1701 1293 a).

466 1321 576 1396 Hanc
610 1325 730 1420 igitur
767 1325 1018 1420 provinciam,
1035 1321 1217 1422 Agricola
1257 1346 1388 1398 mense
1419 1323 1562 1397 Martio
1598 1327 1791 1420 accepisse
1826 1320 2018 1421 putandus

364 1459 432 1527 est.
472 1451 572 1526 Nam
600 1451 700 1549 quod
719 1451 876 1526 Tacitus
901 1451 989 1526 hist
1002 1452 1070 1552 IV,
1096 1453 1156 1526 46.
1183 1457 1372 1552 narravit,
1400 1451 1521 1550 parlim
1547 1463 1640 1526 adca
1666 1464 1697 1524 et
1722 1451 1814 1526 iacto
1838 1449 2018 1550 stipendio,

364 1580 499 1656 dimiaai
522 1606 599 1655 cam
616 1581 748 1672 dooere,
767 1585 881 1655 etiam
903 1580 950 1654 ad
976 1581 1193 1655 classiarios
1214 1581 1355 1656 milites
1375 1584 1568 1680 perfinnit,
1596 1584 1661 1678 qui
1682 1606 1700 1654 e
1719 1578 1870 1654 cicaaidc
1883 1579 2019 1654 Bocco-

363 1712 498 1786 aotiboa
520 1709 743 1810 lepimoriam
764 1709 923 1784 militiam
942 1708 1150 1808 poaccrdibas
1165 1708 1235 1784 sub
1258 1709 1421 1784 hiemem
1446 1714 1535 1784 anni
1557 1712 1616 1785 69.
1643 1710 1810 1784 Antonio
1827 1708 1956 1783 Primo
1977 1733 2019 1784 ss

365 1841 620 1916 adiunxerant
634 1839 701 1938 (ib.
714 1840 782 1939 III,
802 1839 880 1938 52).
906 1838 1037 1936 Atque
1054 1861 1189 1937 reapse
1208 1839 1397 1937 legionem
1415 1839 1460 1912 Il.
1488 1838 1724 1913 Adiutriccm
1746 1837 2017 1936 aVesposiano

365 1970 556 2044 conditam
577 1993 662 2044 esse
684 1969 758 2043 Dio
777 1967 818 2042 C.
841 1969 971 2042 retulit
983 1966 1067 2066 LV,
1095 1968 1153 2041 24.
1194 1968 1275 2041 Iam
1297 1993 1390 2042 vero
1404 1968 1667 2067 Vespasianus
1694 1993 1743 2042 cx
1768 1973 1845 2042 ista
1869 1969 2018 2066 legione

363 2097 530 2172 camonia
555 2097 617 2196 qui
641 2097 869 2172 militaverunt
902 2096 939 2170 ia
973 2095 1033 2195 leq.
1059 2096 1105 2170 II.
1134 2095 1139 2198 Ι
1176 2095 1352 2171 Adiutrice
1373 2096 1438 2194 pia
1452 2097 1560 2196 fidele
1586 2096 1648 2196 qai
1671 2097 1790 2172 viceto
1818 2099 1821 2200 Ι
1849 2095 2020 2196 stipendia

365 2241 425 2302 aot
444 2227 553 2326 ploro
579 2240 772 2302 manant
799 2228 802 2328 Ι
832 2239 862 2302 er
887 2237 966 2300 eant
990 2224 1125 2300 diatim
1149 2225 1284 2300 lonasto
1310 2224 1468 2300 maome
1497 2225 1500 2328 Ι
1528 2226 1785 2301 ...cicadam
1809 2225 1903 2300 dedit
1927 2253 1958 2300 o.
1986 2225 2020 2299 d.

365 2379 440 2430 cora
457 2357 558 2430 Mart.
587 2353 590 2456 Ι
620 2355 708 2454 Imp.
731 2353 941 2453 Vespasiano
970 2352 1117 2432 Caesare
1143 2357 1232 2455 Aac.
1259 2354 1311 2430 II.
1342 2354 1344 2454 Ι
1375 2353 1521 2432 Caesare
1534 2358 1623 2457 Any.
1649 2353 1692 2432 F.
1715 2355 1926 2456 Vespasiano
1953 2381 2019 2448 coa,

367 2511 388 2561 e
422 2486 562 2584 quibus
597 2491 662 2584 qui
696 2489 914 2560 nominatur
939 2485 1070 2559 Nerva
1104 2485 1213 2560 Laidi
1248 2487 1350 2561 filius
1383 2485 1601 2562 Desidiatus
1635 2486 1710 2560 fuit
1745 2491 1767 2560 i.
1802 2511 1832 2560 e.
1867 2490 2019 2560 natione

368 2615 548 2688 Dalmata
574 2611 778 2712 (Cordiacii
804 2612 960 2712 diplomi
986 2615 1172 2713 imperiali
1198 2615 1273 2688 tab.
1301 2615 1368 2716 lV,
1394 2640 1428 2715 p.
1438 2613 1541 2690 XIX
1568 2639 1621 2712 sq.
1649 2615 1706 2691 cll.
1734 2613 1953 2689 Grotelend.
1981 2619 2020 2688 in

366 2743 488 2816 annal.
515 2741 637 2816 Rhea.
663 2739 843 2840 XXXII,
869 2766 904 2839 p.
933 2743 979 2814 'll
1010 2768 1091 2842 sqq.
1130 2743 1298 2818 Hannon.
1326 2744 1448 2818 annal.
1476 2741 1562 2818 dell'
1589 2749 1675 2819 inst
1705 2744 1820 2844 1862,
1847 2769 1882 2842 p.
1913 2744 2016 2843 113).

365 2871 501 2968 Itaque
528 2871 716 2969 legionem
743 2869 847 2944 illam
874 2877 957 2944 tum
984 2877 1147 2969 primum
1174 2877 1389 2948 institutam
1416 2872 1598 2971 Agricola
1624 2872 1766 2949 dilectu
1793 2897 1862 2948 suo
1900 2871 2021 2947 stabi-

365 2999 471 3098 livit,
492 3007 614 3098 atque
642 2999 739 3073 duos
766 2997 907 3072 milites
933 3004 972 3072 in
999 2999 1197 3074 Britannia
1226 3000 1419 3100 sepultos,
1447 3025 1608 3099 quorum
1636 3000 1733 3074 alter
1760 2999 1950 3098 stipendia
1974 3004 2019 3072 ut

366 3128 518 3203 videtur
546 3133 713 3227 quinque
728 3129 777 3226 ¹),
805 3128 902 3201 alter
928 3129 1059 3204 decem
1086 3129 1358 3228 meruerat¹),·
1377 3135 1459 3228 ipse
1485 3128 1627 3228 legisse
1654 3132 1693 3202 in
1719 3127 1928 3226 legionem,
1963 3125 2021 3200 al·

366 3266 491 3331 terum
519 3261 634 3330 etiam
660 3263 796 3355 postea
823 3264 956 3330 contra
984 3257 1116 3332 hostes
1144 3258 1301 3334 duxisse
1329 3258 1491 3332 videtur.
2101 3359 2103 3364 ι

470 3385 681 3484 Legionem
709 3392 808 3460 enim
835 3385 882 3459 ΙΙ.
909 3385 1165 3486 Adiutricem,
1194 3411 1280 3464 cum
1307 3393 1471 3486 primum
1497 3385 1645 3460 Ceriale
1672 3384 1769 3460 duce
1797 3393 1929 3459 contra
1956 3383 2020 3460 Ci-

367 3514 485 3588 vilem
510 3521 723 3614 pugnasset
749 3514 853 3613 (hist
884 3515 931 3615 V,
962 3516 1039 3614 16),
1067 3515 1114 3588 ab
1142 3514 1273 3590 eodem
1302 3514 1450 3590 Ceriale
1476 3520 1515 3590 in
1541 3515 1779 3590 Britanniam
1806 3523 1926 3590 totam
1954 3521 2021 3590 aut

369 3642 506 3718 saltem
533 3669 553 3718 e
581 3650 689 3742 parte
715 3652 974 3720 transvectam
1003 3669 1088 3720 esse
1115 3651 1219 3718 recte
1233 3644 1490 3719 Grotefendus
1506 3643 1688 3718 Henneno
1716 3643 1902 3742 probavit.
1949 3642 2022 3718 Cui

367 3771 508 3871 legioni
535 3797 622 3846 cunr
649 3773 752 3848 VIII.
780 3783 819 3848 et
845 3773 953 3848 XXI.
982 3775 1132 3850 additae
1159 3783 1307 3874 essent,
1335 3774 1483 3850 duabus
1506 3773 1570 3847 VI.
1599 3779 1637 3846 et
1661 3771 1731 3845 Xl.
1760 3797 1809 3846 ex
1822 3772 2020 3872 Hispania,

368 3900 477 3982 XIV.
504 3901 738 3976 eBritannia
764 3909 802 3977 in
817 3902 1059 3980 Germaniam
1077 3910 1208 3980 accitis
1235 3905 1388 3980 tandem
1414 3928 1545 3978 mense
1572 3903 1653 3976 fere
1667 3902 1764 3977 Iulio
1780 3902 1886 4001 (nam
1909 3909 2021 3976 antea

369 4030 402 4104 d.
414 4031 563 4106 XXIII.
587 4036 729 4110 mensis
747 4031 1095 4131 Iunii'Capit-olium
1119 4042 1381 4109 consecratum
1404 4041 1503 4133 erat,
1531 4034 1578 4106 cf.
1592 4032 1679 4108 hist.
1693 4031 1761 4132 IV,
1782 4034 1840 4106 53.
1867 4030 1927 4105 cll.
1943 4031 2022 4128 68).

367 4161 528 4236 Petilius
548 4159 714 4236 'Cerialis
741 4168 875 4236 contra
900 4163 1038 4238 Iulium
1066 4163 1226 4238 Civilem
1254 4166 1447 4263 profectus
1474 4171 1551 4262 est,
1584 4161 1766 4262 Agricola
1802 4169 1930 4237 autem
1965 4162 2023 4234 le-

342 4296 472 4391 ·gioni
498 4289 589 4365 XX.
616 4296 664 4366 in,
683 4292 882 4366 Britannia
908 4297 1165 4391 praepositus.
1211 4305 1213 4312 ’
1308 4297 1313 4312 ’

471 4419 529 4495 Ibi
565 4429 692 4496 autem
733 4445 795 4495 res
833 4420 1005 4498 turbidat
1045 4427 1200 4498 invenit.
1253 4423 1287 4496 Ε
1320 4422 1550 4497 Britannicis
1591 4425 1691 4496 enim
1726 4418 1940 4518 legionibus
1976 4419 2023 4493 11.

369 4554 609 4649 prompte'in
622 4549 852 4647 Vespasiani
880 4567 1008 4648 partes
1035 4555 1277 4651 transgressa
1304 4555 1388 4626 erat
1413 4550 1519 4648 (hist.
1546 4548 1620 4648 III,
1648 4549 1729 4647 44),
1756 4548 1926 4646 reliquae
1953 4547 2022 4622 IX

368 4677 474 4752 XIV.
500 4677 592 4752 XX.
620 4675 685 4751 diu
712 4685 961 4778 nutaverant,
997 4703 1041 4753 ac
1068 4684 1251 4754 vicesima
1285 4682 1493 4754 inimicitiis
1519 4682 1619 4751 inter
1646 4678 1827 4752 Roscium
1850 4676 2020 4752 Caelium

1399 4888 1403 4892 .
1428 4887 1666 4894 -—..-——---
1855 4886 2015 4894 ——·

477 5004 502 5086 ¹)
525 5003 789 5071 C·MVRRIVS
802 5005 806 5091 Ι
821 5003 1194 5092 C·F·ARN1ENSISl
1209 5002 1429 5071 FOBOIVLI
1440 5009 1497 5084 (sc
1503 5001 1720 5088 Venetorum)
1732 5001 1800 5068 ΜΟ
1814 5002 1818 5090 Ι
1830 5000 2024 5069 DBS'I'VS·

368 5115 1811 5204 MIL·LBG·II·AD·P·Fl[u]IVLI'·SBCVNDllANN·XXV·STIP·[V]1
1830 5111 2023 5198 H·[s·u.]

475 5225 1958 5315 ²)T·vA1.u1t1vs·u·F1alrammus-seviramuscula-Pul
1984 5228 2023 5290 7·

368 5343 595 5411 DOSSENNI
618 5343 622 5428 Ι
646 5341 1070 5409 PROCULI·A·XXX
1095 5341 1100 5428 Ι
1124 5341 1610 5410 ABR·X···F·D·S·P
1635 5341 1640 5426 Ι
1663 5339 1836 5409 Iis-F.

1813 5457 1830 5506 8
