5332 6738
1187 875 1209 947 6

376 1159 542 1232 umquam
566 1131 603 1206 in
628 1157 729 1208 36666
745 1132 888 1231 famam
910 1132 1012 1230 pestis
1038 1131 1197 1206 eaultnait
1227 1133 1305 1206 rell.
1333 1160 1374 1199 =
1401 1132 1481 1230 Iug.
1510 1133 1578 1230 96,
1607 1134 1640 1206 3.
1673 1156 1780 1229 neque
1810 1131 1944 1206 interim
1979 1175 2019 1188 -

376 1261 521 1338 6616616
547 1273 608 1336 cat
633 1260 834 1360 cuiusquam
860 1261 938 1336 bani
951 1261 1094 1362 famam
1119 1259 1251 1334 laedere
1276 1260 1355 1334 rell.
1382 1285 1411 1334 c.
1421 1260 1454 1337 9.
1480 1259 1567 1334 inter
1592 1273 1716 1358 taqatm
1742 1293 1784 1327 =
1810 1260 1891 1359 Iug.
1906 1263 1966 1360 21,
1986 1264 2019 1335 2.

375 1389 553 1465 66600666
589 1403 783 1489 topatmum
833 1389 934 1467 611.
974 1389 1035 1488 qni
1065 1388 1222 1464 menalca
1255 1416 1298 1450 =
1331 1388 1413 1488 Iug.
1443 1391 1508 1489 11,
1545 1393 1576 1463 ’1.
1616 1391 1677 1489 qui
1710 1391 1874 1464 mortales.
1914 1416 1944 1466 c.
1969 1391 2020 1468 12.

365 1522 516 1622 seuqum
540 1519 697 1620 secanda
723 1555 762 1590 =
798 1519 880 1618 Iug.
909 1522 976 1617 11,
1013 1521 1046 1594 6.
1076 1519 1225 1618 smpum
1247 1517 1391 1614 sectiles
1425 1545 1455 1594 c.
1482 1521 1528 1598 lt.
1569 1521 1753 1594 avaritiam
1786 1534 1817 1594 et
1849 1519 2021 1594 lumnam

376 1681 419 1715 =
445 1647 554 1723 Catil.
591 1651 656 1748 12,
692 1650 725 1722 2.
761 1647 900 1722 tumne
932 1660 1033 1745 atque
1067 1646 1224 1724 mancia
1269 1645 1377 1724 616.
1417 1647 1557 1747 apitaait
1582 1648 1803 1722 Britanniam
1836 1647 2019 1746 disciplina

377 1813 418 1848 =
453 1781 535 1879 lug.
567 1781 637 1876 44,
679 1781 712 1854 3.
757 1778 926 1852 niaimum
964 1776 1149 1876 disciplina
1186 1775 1307 1851 milites
1345 1777 1497 1851 taboram
1535 1755 1698 1876 coepisset.
1750 1803 1779 1851 c.
1811 1777 1860 1857 18.
1901 1777 2021 1876 quibus

376 1911 497 1986 bellum
531 1908 711 1984 valentibus
745 1921 818 1982 ecca
843 1937 885 1974 =
919 1907 1000 2006 Iug.
1028 1906 1094 2006 84,
1130 1907 1162 1980 3.
1198 1905 1291 2004 plebi
1323 1905 1445 1980 mitam
1478 1905 1599 1980 votem
1623 1907 1818 2005 putabatur.
1861 1908 1952 2005 100,
1987 1909 2020 1980 4.

375 2039 536 2114 militibus
567 2084 607 2094 -
639 2037 733 2112 labar
757 2037 939 2112 acumina
965 2049 1054 2111 esset.
1093 2034 1145 2112 16.
1172 2035 1286 2111 clatus
1312 2061 1353 2110 ac
1378 2061 1523 2134 mapnns
1548 2035 1664 2110 baberi
1687 2071 1729 2104 =
1755 2035 1863 2110 Catil.
1892 2038 1959 2136 63,
1990 2038 2020 2108 1.

376 2170 490 2244 clauus
516 2181 616 2268 atque
641 2193 788 2266 maqaus
812 2167 957 2241 babetur.
984 2167 1065 2264 lug.
1081 2166 1142 2262 99,
1172 2166 1202 2237 1.
1229 2165 1339 2239 maiar
1367 2178 1467 2264 atque
1493 2165 1617 2240 alarice
1641 2167 1757 2241 baberi
1781 2166 1894 2264 caepit
1921 2190 1950 2241 c.
1962 2167 2020 2245 20.

374 2298 500 2372 metus
526 2296 563 2370 in
589 2295 725 2396 aqminc
751 2329 794 2362 =
819 2293 900 2394 lug.
929 2295 997 2393 96,
1026 2297 1058 2370 3.
1091 2294 1128 2367 in
1160 2294 1371 2392 696166-
1404 2295 1528 2368 multus
1562 2301 1687 2370 adesse.
1732 2298 1825 2392 100,
1854 2299 1885 2372 3.
1926 2297 2022 2396 apud

374 2427 483 2503 omnis
518 2425 642 2500 adesse.
697 2422 746 2505 16.
772 2423 859 2497 nibil
888 2467 930 2478 --
970 2422 1119 2520 quietam
1145 2423 1225 2521 pati
1250 2451 1292 2488 =
1324 2423 1405 2521 Iug.
1433 2427 1500 2522 66,
1536 2425 1568 2494 1.
1606 2423 1692 2497 nibil
1722 2425 1885 2500 intactam
1914 2451 2021 2524 neque

376 2555 524 2656 quietum
547 2552 630 2651 pati.
659 2553 725 2651 88,
753 2554 785 2626 2.
812 2551 898 2626 nibil
928 2597 969 2606 —
999 2551 1177 2626 remissum
1202 2575 1381 2651 neque-
1410 2565 1516 2626 tutum
1538 2553 1623 2650 pati.
1667 2577 1695 2626 o.
1722 2555 1780 2632 22.
1812 2555 1889 2630 Nec
1914 2555 2022 2653 Apei-

376 2685 449 2759 cola
483 2708 648 2782 ccauquam
674 2707 740 2780 per
775 2680 860 2756 abias
887 2695 983 2780 pasta
1018 2681 1141 2756 acidus
1173 2681 1344 2779 intercepit
1379 2715 1418 2748 =
1446 2681 1528 2780 lug.
1556 2685 1621 2781 86,
1649 2686 1706 2756 34.
1745 2709 1852 2782 mque
1874 2684 2022 2783 planiam

375 2839 504 2904 666666,
539 2812 685 2886 1666666
716 2810 852 2886 illamam
876 2810 1022 2910 faciam.
1068 2836 1098 2885 c.
1124 2811 1178 2894 26.
1210 2836 1287 2885 cum
1314 2857 1361 2867 ——
1396 2839 1462 2888 366
1493 2813 1634 2912 quisque
1659 2816 1778 2914 facta,
1812 2839 1891 2890 suos
1922 2841 2021 2890 casus

376 2943 559 3019 motarent
586 2975 626 3004 =
653 2942 734 3040 lug.
763 2943 833 3038 63,
860 2941 893 3014 8.
927 2967 993 3016 sua
1019 2943 1159 3042 quiaque
1174 2943 1286 3043 scena
1301 2945 1403 3043 faeta
1429 2943 1477 3016 ad
1503 2942 1632 3017 caelum
1647 2943 1730 3043 sent
1772 2969 1801 3018 c.
1827 2945 1886 3021 28.
1912 2945 2023 3020 secturi

367 3099 435 3173 pec
460 3075 568 3148 salute
593 3073 636 3146 de
657 3070 770 3170 plania
796 3071 967 3145 certabam
985 3106 1028 3140 =
1053 3072 1134 3170 lug.
1163 3074 1233 3168 04,
1262 3075 1295 3147 6.
1319 3096 1383 3169 pra
1406 3071 1517 3171 placid
1543 3071 1595 3146 bis
1620 3112 1690 3162 -,
1725 3071 1794 3146 illis
1821 3097 1888 3170 pro
1913 3073 2021 3148 salute

374 3203 581 3278 certantibus.
611 3203 695 3296 114,
717 3203 750 3274 2.
770 3225 838 3299 pro
864 3201 982 3292 salute,
1008 3223 1076 3274 nan
1095 3224 1162 3299 pro
1182 3201 1294 3300 plaia
1320 3215 1454 3275 catara.
1489 3224 1519 3275 c.
1546 3201 1597 3280 27.
1620 3226 1786 3299 prospera
1811 3226 1924 3278 amnes
1957 3203 2023 3278 sibi

372 3333 565 3422 vindicant,
592 3330 738 3406 adversa
763 3330 825 3404 uni
849 3329 1060 3428 imputantur
1086 3360 1128 3396 =
1154 3330 1235 3430 Iug.
1264 3331 1331 3429 63,
1360 3331 1392 3404 8.
1419 3331 1457 3404 in
1482 3330 1621 3406 aictocia
1646 3331 1699 3406 ad
1723 3331 1856 3430 iqnaais
1878 3333 2023 3432 plutiani

373 3462 464 3553 iicet,
492 3462 657 3536 aduncae
683 3485 737 3534 nes
763 3458 864 3534 etiam
890 3461 989 3534 66663
1014 3458 1208 3534 dmaaam.
1236 3485 1265 3533 c.
1279 3460 1335 3538 29.
1362 3458 1473 3558 Ipitar
1491 3494 1532 3527 =
1560 3461 1639 3558 lug.
1655 3461 1715 3559 96,
1744 3465 1776 3535 3.
1804 3470 1842 3535 et
1869 3468 2021 3560 passim.

374 3592 423 3670 lb.
450 3593 612 3666 incentum
637 3606 795 3666 tamarem
820 3623 863 3658 =
889 3590 970 3690 lug.
987 3591 1047 3689 60,
1075 3593 1108 3662 4.
1135 3591 1257 3666 iucem
1279 3590 1414 3689 pradia.
1442 3615 1471 3664 e.
1485 3589 1543 3666 38.
1570 3589 1738 3687 Raptores
1754 3591 1843 3665 orbis
1856 3627 1899 3660 τ,-
1914 3595 2021 3689 epist.

373 3720 543 3796 Mithrid.
572 3723 628 3796 23.
663 3721 807 3795 1666663
838 3720 997 3819 pentinum
1039 3719 1087 3799 lb.
1113 3744 1192 3818 apes
1217 3734 1319 3819 atque
1352 3719 1504 3816 inopiam
1529 3753 1571 3786 =
1603 3717 1710 3792 Catil.
1743 3721 1809 3819 11,
1846 3721 1878 3794 3.
1916 3745 2023 3817 acque

374 3848 471 3948 capia
496 3875 604 3949 neque
637 3851 762 3947 inopia.
804 3850 854 3929 lb.
882 3851 1027 3952 Ansam
1060 3849 1230 3924 numidam
1261 3849 1558 3947 rapere=1ug.
1586 3849 1653 3946 41,
1681 3849 1713 3920 6.
1748 3848 1868 3922 ducere
1893 3849 2023 3922 trabere

372 4001 501 4075 rapere.
555 4003 585 4052 c.
611 3978 661 4055 31.
700 3977 799 4052 Nata
833 3979 983 4053 sanituti
1016 3978 1190 4076 mancipia
1225 4011 1264 4042 =
1300 3979 1381 4076 lug.
1409 3980 1477 4077 31,
1514 3979 1571 4050 11.
1612 3977 1752 4074 imperio
1786 3977 1867 4050 nati.
1909 4002 1938 4052 e.
1964 3977 2022 4056 33.

375 4106 555 4205 inaniaque
574 4132 691 4205 peona
717 4108 893 4182 victoribus
919 4122 1019 4207 atquc
1045 4108 1163 4182 eadem
1188 4107 1283 4182 uictis
1309 4107 1454 4180 adversa
1469 4137 1510 4174 =
1533 4104 1640 4178 Catil.
1657 4105 1716 4204 68,
1733 4108 1765 4178 9.
1792 4103 1833 4180 Si
1845 4105 2021 4196 uincimus,

373 4234 490 4310 onznia
514 4235 608 4309 nobis
634 4249 705 4310 tnta
732 4250 847 4310 aunt:
878 4237 934 4311 sin
959 4251 1048 4312 metu
1073 4237 1286 4326 cessavimus,
1319 4235 1436 4310 eadem
1461 4235 1523 4310 illa
1548 4235 1695 4309 advorsa
1710 4235 1805 4332 flent
1846 4233 1895 4315 bb.
1922 4261 2021 4310 amca

375 4363 467 4438 etin
492 4363 544 4438 bis
569 4366 685 4439 omnia
712 4395 753 4432 =
781 4366 862 4466 Iug.
891 4371 959 4465 61,
987 4370 1021 4439 4.
1055 4368 1092 4440 in
1124 4366 1230 4441 annis
1256 4366 1371 4440 mania
1396 4366 1471 4440 sita
1524 4363 1574 4442 bb.
1600 4389 1704 4464 neque
1730 4364 1891 4440 6666666
1916 4389 2023 4462 neque

374 4491 472 4566 ducis
497 4506 591 4592 terqa
617 4507 688 4567 tutta
715 4519 784 4568 6336
811 4529 851 4560 =
878 4494 985 4569 Catil.
1014 4497 1079 4594 68,
1109 4498 1165 4570 16.
1201 4495 1240 4568 in
1256 4496 1350 4595 supa
1375 4493 1518 4570 salntem
1542 4519 1697 4592 sperare,
1734 4520 1811 4568 cum
1845 4519 1947 4568 arma
1980 4539 2018 4548 -

278 4684 281 4690 .
374 4621 417 4694 ab
450 4620 594 4696 bostibtu
626 4623 804 4714 avertetis,
845 4649 885 4698 ea
916 4648 991 4698 aero
1026 4624 1193 4699 dementia
1227 4637 1283 4698 est.
1324 4649 1353 4698 c.
1380 4622 1436 4702 36.
1469 4621 1615 4698 emanti
1639 4623 1712 4696 cine
1737 4623 1916 4697 neaambuc
1949 4621 2026 4722 equi

376 4778 417 4816 =
444 4749 544 4825 Hist.
563 4750 593 4850 1,
622 4753 679 4825 98.
707 4751 771 4826 ΚΓ.
795 4755 843 4828 96
865 4753 911 4828 D.
938 4753 1016 4850 equi
1040 4752 1113 4828 sine
1137 4765 1261 4827 rectore
1286 4751 1441 4826 saterrici.
1482 4775 1510 4826 c.
1536 4750 1589 4830 et.
1620 4750 1711 4825 Tum
1735 4775 1811 4827 vero
1833 4752 2026 4850 patentibus

376 4877 456 4954 locis
479 4881 613 4978 prande
646 4895 676 4954 et
708 4895 804 4956 atrae
837 4882 1064 4978 spectaculum
1090 4917 1131 4950 ε.-
1157 4883 1239 4982 Iug.
1268 4883 1358 4981 101,
1389 4884 1445 4954 11.
1490 4879 1580 4954 Tum
1611 4881 1837 4979 spectandum
1871 4881 2026 4956 baesibite

377 5005 415 5080 in
441 5008 571 5105 campis
593 5011 793 5107 patentibus.
833 5009 883 5089 lb.
909 5011 1006 5109 sequi
1029 5011 1207 5086 uulnerare
1233 5036 1352 5110 capere
1378 5045 1420 5078 =
1446 5010 1493 5086 ib.
1520 5011 1617 5109 sequi
1632 5013 1772 5112 supere,
1805 5011 1914 5086 occidi
1939 5011 2025 5110 capi.

377 5135 428 5218 lb,
453 5135 590 5212 Passim
617 5166 717 5213 arma
744 5154 774 5214 ct
800 5165 940 5237 caupona
969 5185 1007 5195 -
1039 5154 1069 5215 ct
1095 5154 1232 5215 muana
1256 5141 1378 5216 liumus
1405 5171 1447 5208 =
1473 5141 1522 5215 ib.
1548 5141 1664 5216 onmia
1687 5185 1729 5196 -
1761 5141 2027 5216 immutantis

377 5267 485 5342 amnis
511 5269 751 5360 cadaueribus,
787 5281 817 5342 et
850 5268 936 5344 inter
968 5294 1008 5342 66
1032 5270 1154 5346 linimus
1188 5270 1311 5371 infecta
1340 5271 1513 5371 sanquine.
1566 5269 1614 5348 16.
1649 5269 1825 5344 vitabundi
1850 5305 1892 5338 =
1917 5271 1964 5345 ib.
1993 5273 2026 5346 9.

375 5395 578 5472 uitabundus
621 5421 651 5470 c.
677 5395 735 5474 38.
763 5413 880 5472 66666
905 5398 977 5472 iam
1003 5411 1127 5472 aestate
1153 5428 1195 5466 =
1222 5399 1302 5498 Iug.
1331 5400 1390 5499 61,
1421 5402 1451 5473 1.
1478 5399 1550 5474 iam
1575 5413 1735 5474 aestatem
1760 5413 1922 5475 66666666.
