5332 6738
1457 831 1480 905 8

1368 951 1569 958 ——..-...

648 1093 798 1168 Tiberio
826 1092 923 1165 alter
947 1099 1161 1190 promotus,
1189 1088 1290 1187 quod
1314 1088 1478 1163 lectione
1505 1089 1671 1164 melioris
1698 1088 1837 1162 codicis
1853 1097 1888 1166 1'
1908 1085 2095 1164 Caesarum
2117 1088 2294 1161 efficitur.

647 1221 814 1294 Materni
854 1223 917 1293 avi
953 1223 1107 1292 nomina
1143 1242 1163 1291 e
1202 1217 1302 1293 filiae
1337 1218 1589 1318 appellatione
1634 1227 1827 1295 eruuntur.
1889 1216 1983 1293 Iulia
2021 1224 2119 1292 enim
2145 1215 2295 1292 Procilla

648 1350 751 1425 haud
785 1348 899 1424 dubie
940 1349 1018 1422 filia
1056 1349 1131 1424 fuit
1166 1348 1253 1423 Iulii
1287 1347 1460 1446 Procilli,
1500 1371 1575 1444 quo
1612 1351 1836 1447 cognomine
1873 1346 2042 1421 eiusdem
2077 1349 2294 1446 provinciae

648 1483 825 1578 princeps
866 1477 907 1552 C.
945 1477 1125 1551 Valerius
1151 1477 1337 1552 Procillus
1380 1503 1403 1550 a
1437 1476 1600 1552 Caesare
1639 1477 1724 1552 bell.
1765 1476 1859 1551 Gall.
1893 1476 1931 1576 Ι,
1970 1478 2030 1549 4Ί.
2071 1475 2295 1575 appellatur.

649 1607 810 1682 Praedia
836 1615 964 1682 autem
991 1631 1089 1705 quae
1116 1614 1275 1705 paterna
1299 1613 1344 1681 ut
1369 1606 1522 1681 videtur
1546 1605 1756 1681 hereditate
1777 1605 1943 1680 Procilla
1962 1611 2160 1704 acceperat
2186 1612 2296 1679 extra

650 1737 990 1836 provinciaefines
1016 1746 1056 1809 in
1082 1735 1254 1810 confiniis
1270 1736 1426 1834 Alpium
1453 1739 1726 1810 maritimarum
1754 1741 1828 1809 sita
1854 1743 1963 1809 erant
1989 1735 2064 1832 (cp.
2079 1735 2142 1834 4),
2172 1757 2222 1807 cx
2247 1737 2296 1806 iis

648 1869 815 1944 fortasse
840 1865 1090 1966 temporibus,
1132 1865 1270 1963 quibus
1297 1865 1594 1939 Massiliensium
1630 1868 1735 1963 regio
1761 1888 1884 1961 usque
1912 1864 1960 1938 ad
1986 1863 2166 1938 Nicaeam
2193 1870 2296 1938 certe

540 1977 554 2014 ⁷
649 1996 872 2097 pertinebat.
910 1996 1008 2071 Nam
1026 1995 1209 2069 Graecam
1237 1999 1259 2068 i.
1286 2020 1316 2069 e.
1342 1993 1640 2069 Massiliensium
1667 1997 1845 2068 viciniam
1864 1991 1976 2068 Iulius
1990 1973 2178 2068 Graeciam
2204 2015 2298 2092 cog·

649 2132 799 2202 nomine
826 2126 968 2225 prodit,
997 2125 1043 2199 ab
1069 2125 1133 2199 illo
1149 2125 1333 2199 Graecino
1361 2129 1426 2221 qui
1454 2124 1500 2198 ab
1512 2122 1649 2199 Ovidio
1672 2147 1722 2197 ex
1732 2122 1857 2198 Ponto
1872 2123 2045 2223 11,6,16.
2068 2147 2298 2198 commemo-

649 2264 774 2350 ratur,
802 2254 919 2353 probe
947 2252 1246 2353 distinguendus.
1286 2251 1408 2344 Quem
1436 2277 1522 2328 cum
1544 2253 1677 2328 chius
1699 2255 1863 2328 fortasse
1886 2253 1973 2327 Iulii
2001 2261 2148 2351 patrem
2177 2253 2297 2327 fuisse

650 2388 877 2483 suspicatur,
903 2379 1020 2482 Piqtii
1045 2405 1172 2456 errore
1198 2381 1380 2477 deceptus
1397 2381 1558 2456 videtur.
1595 2382 1709 2457 Hunc
1723 2387 1822 2457 enim
1837 2381 2064 2457 Graecinum
2081 2384 2127 2458 ad
2143 2391 2297 2484 gentem

649 2514 899 2611 Pomponiam
925 2517 1067 2609 optime
1101 2511 1233 2586 retulit
1259 2511 1464 2609 Borqtesius
1498 2534 1555 2609 op.
1582 2510 1635 2611 11,
1666 2538 1702 2611 p.
1729 2513 1778 2586 24
1815 2537 1913 2612 sqq,
1954 2511 2143 2587 Buthroto
2177 2513 2297 2613 Epiri,

650 2651 695 2719 ut
720 2642 882 2740 videtur,
909 2640 1118 2715 oriundum.
1157 2640 1335 2715 Ceterum
1361 2645 1401 2713 in
1417 2641 1586 2715 eiusdem
1608 2646 1826 2741 provinciae
1839 2642 2017 2741 Lugduni
2037 2643 2134 2718 Iulia
2151 2642 2299 2718 Graeca

628 2779 690 2847 .et
717 2770 926 2845 Graecinus
946 2769 1153 2844 Graecinae
1178 2769 1280 2844 filius
1305 2773 1547 2866 reperiuntur
1573 2773 1612 2842 in
1646 2773 1957 2870 inscriptionibus
1995 2773 2095 2872 apud
2131 2773 2297 2848 Botam'ea.

651 2904 818 2998 inscript.
855 2899 901 2973 de
927 2898 1035 2999 Lyon
1071 2924 1104 2996 p.
1133 2901 1217 2974 502.
1251 2906 1290 2973 et
1317 2899 1401 2974 521.
1454 2897 1553 2971 Nam
1588 2899 1687 2974 forte
1724 2900 1871 2975 factum
1913 2910 1990 3002 est,
2033 2907 2077 2976 ut
2116 2901 2300 2978 Foroiulii

652 3034 767 3105 etiam
790 3029 993 3128 Agricolae
1029 3052 1238 3127 cognomen
1265 3029 1316 3102 M.
1341 3027 1468 3104 Caelio
1506 3028 1656 3104 cuidam
1699 3028 1901 3103 adderetur
1933 3029 2112 3128 (Herzog.
2141 3030 2299 3128 append.

536 3171 537 3175 ’
652 3165 768 3260 epigr.
806 3160 917 3258 305).
979 3156 1117 3233 Tribus
1153 3166 1280 3232 autem
1315 3158 1633 3232 Foroiuliensium
1666 3155 1838 3232 Voltinia
1870 3158 1964 3258 fuit,
2009 3159 2053 3232 cl
2088 3157 2134 3232 ib.
2170 3185 2204 3232 n.
2239 3161 2301 3233 46.

653 3286 841 3387 Grotcsead.
868 3293 955 3386 imp.
982 3287 1089 3365 Rom.
1117 3286 1289 3361 tributim
1316 3286 1433 3360 descr.
1460 3312 1494 3384 p.
1524 3287 1607 3359 118.

754 3418 793 3491 Is
831 3421 950 3516 igitur
982 3414 1191 3491 Graecinus
1226 3413 1386 3490 ammorii
1417 3414 1548 3490 ordinis
1580 3419 1641 3490 ius
1677 3415 1861 3489 honorum
1898 3415 2100 3490 a'Piberio
2135 3415 2299 3490 Caesare

652 3546 813 3644 adeptus
850 3552 925 3645 est,
960 3570 1036 3620 cum
1070 3569 1201 3619 maan
1214 3545 1340 3643 floran
1364 3543 1524 3644 abique
1550 3544 1756 3619 coloniarum
1782 3569 1824 3620 ac
1850 3545 2112 3643 mmiapmam
2138 3545 2176 3620 ia
2202 3547 2299 3622 cama

652 3701 721 3750 esse
746 3675 841 3750 vellat
867 3675 977 3773 (orat.
995 3672 1125 3748 Claud.
1153 3672 1219 3747 col.
1236 3673 1299 3774 II.)
1315 3674 1354 3773 ¹).
1393 3673 1469 3764 Qui
1496 3679 1596 3748 circa
1621 3679 1706 3773 ipsa
1732 3698 1843 3748 aerae
1870 3682 2024 3750 nostrae
2050 3680 2158 3751 initia
2186 3687 2300 3752 natus

651 3805 772 3879 fuisse
805 3803 965 3878 videtur.
1018 3804 1120 3876 Ante
1157 3801 1286 3878 Seiani
1320 3807 1419 3876 enim
1451 3807 1646 3876 interitum
1675 3801 1732 3901 (a.
1761 3803 1837 3902 31)
1870 3807 1910 3877 in
1950 3814 2086 3879 senatu
2127 3829 2212 3880 cum
2254 3805 2300 3883 de

651 3933 888 4031 philosophis
925 3930 1178 4030 quaerebatur
1215 3935 1443 4006 sententiam
1483 3930 1580 4005 dixit
1617 3929 1687 4029 (cf.
1721 3930 1868 4007 Seneca
1903 3933 1949 4007 de
1991 3932 2113 4008 benef.
2147 3935 2204 4036 Π,
2241 3938 2299 4010 21·

652 4061 728 4161 IV,
763 4062 822 4137 30.
858 4060 910 4134 M.
939 4061 1084 4137 Seneca
1118 4085 1217 4134 suas.
1245 4059 1287 4159 2)
1316 4067 1404 4159 post
1430 4059 1618 4136 Scaurum
1646 4065 1711 4158 qui
1737 4085 1835 4134 anno
1868 4063 1926 4135 21.
1954 4064 2088 4137 consul
2114 4063 2298 4139 suffectus

654 4189 854 4290 (Borghes.
883 4215 941 4288 op.
967 4190 997 4264 I.
1023 4214 1057 4288 p.
1073 4191 1149 4264 320
1175 4189 1274 4289 sqq.)
1302 4215 1333 4264 a.
1356 4191 1413 4264 54.
1441 4189 1543 4264 obiit.
1579 4189 1683 4264 Ante
1710 4167 2007 4265 annum'autem
2034 4193 2093 4268 34.
2121 4199 2301 4290 praetura

652 4322 809 4396 functus
837 4327 912 4420 est,
940 4345 1026 4394 nam
1048 4325 1146 4394 inter
1166 4321 1306 4395 divites
1324 4320 1512 4419 homines,
1540 4343 1702 4417 quorum
1722 4319 1822 4392 dona
1844 4320 1891 4393 ad
1918 4317 2030 4394 ludos
2053 4320 2299 4428 celebrandos

653 4454 771 4523 missa
804 4475 827 4522 a
855 4448 1001 4525 Seneca
1033 4455 1226 4547 sprevisse
1262 4458 1455 4550 narratur,
1491 4449 1673 4524 Caninius
1699 4449 1858 4525 Rebilus
1890 4451 2101 4526 consularis
2127 4459 2298 4551 vocatur,

653 4578 796 4652 Fabius
822 4578 1001 4653 Persicus
1029 4601 1094 4653 cos
1122 4605 1153 4652 a.
1181 4580 1239 4652 34.
1273 4603 1349 4653 non
1376 4583 1476 4654 item.
1529 4580 1664 4678 Itaque
1701 4587 1789 4653 ante
1816 4603 1956 4654 annum
1986 4582 2043 4656 31.
2081 4590 2298 4680 quaestura,

654 4715 741 4782 ante
768 4733 909 4783 annum
938 4710 996 4784 34.
1023 4716 1202 4806 praetura
1226 4710 1383 4785 functus
1410 4716 1486 4809 cst,
1513 4708 1607 4784 obiit
1634 4719 1761 4785 autem
1788 4710 1878 4784 iram
1901 4707 2114 4788 GCaesuris
2139 4710 2299 4785 mammes:

652 4863 799 4937 mamque
826 4836 1045 4916 MSilrmum
1071 4863 1232 4914 accusare
1257 4838 1370 4914 iussas
1395 4851 1426 4914 et
1451 4839 1534 4938 qaia
1559 4840 1723 4915 adnuerat
1746 4840 1936 4941 interfectus
1963 4853 2017 4914 est.
2057 4840 2137 4913 Iam
2159 4839 2212 4912 M.
2236 4839 2300 4915 Si-

760 5141 787 5227 1)
809 5141 926 5227 Itaque
948 5162 1076 5208 errasse
1098 5141 1229 5207 videtur
1251 5139 1435 5227 Herzogius
1457 5164 1490 5228 p.
1515 5143 1593 5222 166,
1624 5143 1680 5226 qui
1707 5144 1830 5228 primos
1859 5145 1944 5208 inter
1965 5141 2196 5206 Narbonenses
2217 5159 2298 5226 pro-

652 5255 824 5335 vinciales‚
857 5255 886 5320 si
921 5275 986 5318 non
1018 5251 1124 5336 solos,
1156 5262 1234 5318 ante
1268 5251 1396 5318 Claudii
1435 5255 1651 5339 principatum
1684 5251 1888 5319 Viennenses
1920 5253 1976 5317 illo
2010 5255 2081 5318 iure
2114 5272 2191 5317 usos
2224 5271 2298 5317 esse

653 5370 827 5433 existimat
