5332 6738
1449 863 1495 936 18

645 1122 815 1222 legatum
855 1129 894 1194 et
919 1119 1150 1194 Trebellium
1187 1119 1401 1202 Maximum
1441 1120 1613 1220 legatum
1651 1127 1934 1222 propraetore
1971 1125 2119 1195 exortis
2159 1127 2304 1220 agitata

646 1249 743 1326 tarde
768 1249 817 1324 od
842 1262 1091 1324 οσονσαιαιιιιοι
1111 1262 1323 1348 compresso
1344 1259 1435 1324 crat.
1471 1248 1583 1340 Quod
1598 1250 2033 1325 acciditciroameusem
2046 1247 2304 1324 Nouembrem

647 1406 679 1455 a
706 1381 772 1476 693
798 1403 887 1452 narn
914 1378 1131 1454 Britannias
1159 1405 1182 1452 a
1196 1378 1352 1454 Vitellio
1380 1379 1591 1454 desciscere
1610 1385 1693 1466 tum
1719 1379 1800 1454 iere
1826 1379 1971 1453 Romae
1999 1383 2182 1476 innotuit,
2211 1377 2302 1453 dum

646 1514 747 1585 inter
772 1508 1004 1583 Vitellianos
1042 1514 1080 1582 et
1114 1507 1292 1582 Flavium
1320 1507 1503 1584 Sabinum
1540 1515 1709 1582 certatur
1743 1508 1849 1605 (hist.
1876 1506 1950 1606 ΙΙΙ,
1989 1509 2057 1605 ἹΟ)
2073 1508 2113 1605 ¹).
2146 1506 2302 1605 Atque

646 1639 741 1713 haec
776 1635 965 1712 discordia
990 1637 1164 1711 Vettium
1193 1637 1399 1737 Bolanum,
1440 1642 1505 1736 qui
1532 1636 1720 1711 Trebellio
1749 1645 2009 1736 successerat,
2052 1636 2304 1736 impediverat

648 1773 850 1868 quominus
878 1767 1018 1843 bellum
1042 1774 1175 1841 contra
1187 1766 1392 1866 Brigantes
1420 1773 1557 1842 acriter
1584 1772 1896 1865 persequeretur,
1924 1766 2068 1840 auxilia
2094 1769 2194 1840 enim
2222 1765 2304 1838 sola

647 1895 819 1970 Venusia
847 1917 956 1998 opem
984 1895 1156 1970 tulerunt
1184 1895 1290 1992 (hist.
1317 1895 1392 1996 Ill,
1420 1897 1499 1996 46).
1551 1895 1647 1970 Cum
1676 1903 1804 1970 autem
1830 1895 1981 1994 legione
2005 1892 2114 1968 XIV.
2140 1899 2179 1968 in
2206 1891 2304 1966 Ger-

647 2028 793 2099 manias
821 2028 939 2098 missa
965 2028 1158 2099 exercitus
1172 2024 1369 2098 Romanus
1396 2030 1518 2124 magis
1536 2029 1650 2099 etiam
1679 2029 1850 2098 minutus
1878 2030 1917 2097 et
1939 2022 2157 2098 debilitatus
2188 2028 2302 2119 esset,

647 2157 769 2253 primo
798 2177 897 2226 anno
924 2152 1121 2250 tanpcrovit
1140 2153 1302 2252 Aprr'rrolo
1327 2153 1397 2228 uim
1422 2181 1524 2228 aram
1550 2161 1589 2229 et
1616 2154 1852 2253 disciplinam
1880 2153 2043 2252 legionis
2070 2175 2163 2226 suae
2190 2155 2305 2225 resti-

646 2288 768 2358 tuisse
806 2287 901 2356 satis
935 2283 1077 2356 habuit.
1117 2283 1224 2357 Brevi
1248 2281 1370 2356 derbde
1396 2282 1582 2356 Britannia
1607 2281 1767 2356 Petilium
1795 2279 1961 2358 Cerialem
2000 2277 2135 2378 accepi.
2190 2276 2302 2368 Quod

647 2413 793 2487 factum
821 2418 880 2486 est
906 2403 1048 2511 nequ'e,
1074 2421 1118 2488 ut
1145 2413 1315 2487 Wexius
1342 2410 1502 2510 putabat
1529 2437 1564 2510 p.
1595 2413 1685 2508 196,
1726 2434 1825 2484 anno
1853 2410 1923 2501 72,
1960 2431 2101 2506 neque,
2140 2414 2181 2480 ut
2208 2404 2303 2479 Car-

648 2539 812 2615 dinalius
840 2539 996 2641 diplomi
1017 2541 1208 2640 'imperiali
1240 2565 1276 2639 p.
1304 2543 1364 2640 89,
1402 2541 1473 2615 sub
1508 2543 1622 2615 finem
1659 2545 1748 2614 anni
1776 2540 1844 2638 ll,
1883 2537 1951 2613 sed
1977 2563 2096 2613 verno
2131 2536 2303 2611 eiusdem

649 2673 738 2744 anni
764 2679 944 2768 tempore.
998 2669 1156 2745 Cerialis
1193 2675 1294 2745 enim
1326 2675 1449 2769 primo
1485 2694 1555 2745 suo
1589 2669 1789 2745 consulatu
1823 2655 1893 2767 per
1928 2667 2088 2741 altorum
2122 2670 2210 2740 anni
2245 2666 2302 2737 71.

649 2799 858 2875 nundinum
886 2803 1061 2875 functum
1090 2823 1192 2898 esse,
1222 2805 1344 2874 exiis
1373 2824 1469 2897 quae
1497 2797 1598 2897 apud
1612 2798 1785 2872 Tacitum
1814 2795 1983 2897 histh,
2011 2796 2071 2870 68.
2098 2793 2301 2891 cll.v,16.

650 2937 689 3004 et
716 2930 921 3027 losephum
949 2929 1034 3004 bell.
1061 2928 1141 3006 lud.
1168 2929 1262 3028 Vll,
1290 2931 1333 3028 4,
1369 2929 1401 3002 2.
1437 2934 1640 3002 narrantur
1673 2933 1774 3001 iuter
1799 2949 1841 2999 se
1878 2929 2107 3024 comparatis
2135 2928 2303 3022 apparet.

646 3058 747 3132 Nam
772 3058 865 3133 illud
891 3058 1074 3132 Hiibnero
1104 3057 1217 3156 (mus.
1244 3056 1470 3156 RhenXIl,
1496 3059 1619 3156 ptos
1647 3057 1748 3156 sqq.)
1777 3059 1932 3129 minime
1960 3053 2137 3152 concedo,
2165 3050 2304 3126 Ceriali

647 3184 882 3259 Britanniam
917 3191 1152 3284 provinciam
1179 3185 1306 3260 datam
1339 3209 1441 3283 esse,
1482 3185 1529 3260 ad
1564 3210 1678 3283 quam
1712 3210 1797 3260 cum
1832 3185 2152 3284 proficisceretur,
2194 3187 2304 3279 quasi

648 3314 771 3389 obiter
784 3313 942 3388 Civilem
959 3319 1200 3413 oppresserit.
1236 3315 1462 3390 AcTacitus
1486 3314 1638 3412 quidem
1656 3314 1807 3390 disertis
1823 3313 1951 3389 verbis
1968 3311 2304 3387 tradiditAnnium

648 3440 801 3517 Gallum
828 3451 867 3516 et
892 3443 1072 3518 Petilium
1086 3442 1275 3520 Cerialem
1302 3443 1518 3518 aMuciano
1552 3442 1600 3516 ad
1627 3442 1769 3517 bellum
1799 3442 1957 3516 dilectos
1987 3463 2091 3538 esse,
2130 3463 2181 3512 sc.
2208 3437 2303 3512 illud

648 3575 689 3646 iu
716 3577 928 3671 superiore,
956 3573 1117 3647 alterum
1142 3577 1182 3646 in
1208 3574 1387 3646 inferiore
1402 3569 1606 3646 Germania
1634 3571 1862 3669 gerendum,
1889 3594 2013 3668 neque
2040 3573 2192 3643 omnino
2219 3567 2303 3640 fieri

648 3707 798 3800 poterat
824 3709 869 3775 ut
894 3707 1046 3801 privata
1073 3700 1349 3800 quodammodo
1378 3707 1604 3776 auctoritate
1630 3698 1789 3774 Cerialis
1817 3699 1962 3773 alienae
1990 3703 2206 3797 provinciae
2234 3696 2303 3771 ob-

650 3829 878 3905 truderetur.
932 3830 1008 3905 Sed
1035 3853 1159 3904 nonne
1185 3829 1373 3931 Iosephus
1400 3829 1657 3904 contradicere
1684 3829 1865 3904 videtur?
1916 3828 2063 3927 Nempe
2098 3827 2194 3902 loco·
2216 3851 2303 3900 cor-

649 3966 782 4058 rupto,
823 3985 936 4058 quem
973 3960 1162 4034 infelicius
1197 3959 1405 4034 Hiibuerus
1445 3965 1644 4058 tractavit,
1686 3983 1756 4033 nos
1791 3958 1867 4032 leni
1905 3963 2115 4033 mutatione
2163 3959 2302 4054 corrigi

648 4088 887 4164 arbitramur.
923 4088 992 4163 Ille
1011 4093 1110 4163 enim
1130 4091 1253 4187 ὥσπερ
1270 4093 1394 4188 inquit
1416 4097 1455 4167 ix
1471 4091 1668 4188 δαιμονίου
1683 4093 1856 4187 προνοίας
1876 4085 2149 4174 Οὐεσπασιανός
2169 4085 2303 4185 πέμπει

648 4217 854 4324 γράμματα
881 4222 1040 4317 Πετιλίῳ
1067 4222 1247 4320 Κερεαλίῳ
1279 4217 1324 4295 τὸ
1360 4217 1523 4318 (ο1.τῳ”)
1556 4217 1738 4320 πρότερον
1773 4214 1925 4320 ἡγεμόνι
1960 4217 2163 4316 Γερμανίας
2195 4245 2303 4318 yero-

649 4353 764 4445 μένῳ,
782 4346 852 4446 τὴν
862 4347 1008 4424 ὕπατον
1021 4346 1148 4433 διδούς
1167 4345 1282 4446 τιμήν
1302 4349 1363 4424 καί
1381 4346 1539 4426 κελεύων
1554 4347 1718 4450 ἄρξαντα
1726 4349 1950 4444 Βρεττανίας
1964 4343 2127 4422 ἀπιέναι·
2143 4344 2302 4444 πορευό-

648 4505 760 4573 μενος
786 4474 855 4553 οὖν
882 4482 1014 4563 ἐκεῖνος
1040 4478 1125 4553 ὅποι
1149 4483 1414 4576 προσετέτακτο
1441 4479 1502 4554 καί
1526 4474 1575 4554 τοί
1596 4478 1677 4576 περὶ
1693 4475 1763 4574 τὴν
1781 4472 1988 4553 ἀπόστασιν
2008 4483 2086 4551 τῶν
2100 4483 2302 4573 Γερμανῶν

651 4604 877 4705 πυθόμενος,
903 4605 976 4706 ἤδη
999 4613 1285 4711 συνειλεγμένοις
1307 4603 1432 4692 αὐτοῖς
1452 4603 1634 4684 ἐπιπεσών
1659 4647 1702 4659 -
1725 4601 1908 4709 ἠνάγκασε
1930 4617 2149 4704 σωφρονεῖν.
2192 4600 2301 4692 Quae

652 4738 831 4831 quoniam
859 4739 942 4809 sive
970 4733 1101 4808 eadem
1128 4739 1211 4808 sive
1237 4735 1350 4808 simili
1376 4738 1521 4825 ratione
1537 4735 1704 4809 aTacito
1720 4739 1932 4831 narrantur,
1961 4756 2006 4806 ea
2027 4755 2178 4829 quoque
2203 4755 2300 4829 quae

652 4884 754 4935 nova
767 4859 954 4960 Iosephus
982 4861 1140 4960 addidit,
1169 4862 1320 4938 diversa
1347 4887 1433 4939 esse
1460 4871 1664 4963 nequeunt.
1704 4862 1918 4936 Concinunt
1944 4868 2072 4935 autem
2099 4866 2302 4958 postrema.

659 5093 791 5102 --—···——-
804 5095 808 5100 ·
817 5095 847 5102 --
863 5095 965 5102 —0----—---
974 5097 1041 5104 —·---
1048 5097 1159 5106 -—.—⁴-
1174 5097 1393 5108 ——m-
1401 5099 1480 5108 --—--
1486 5099 1733 5106 ...n-..m—
1742 5097 1979 5106 --.......-.-4-—·-...-.-
1992 5097 2057 5103 ---
2067 5095 2301 5102 -..--.......--..-..

763 5279 788 5362 ¹)
818 5237 968 5365 Ineptum
999 5281 1163 5367 glossema
1190 5283 1244 5346 abr·
1272 5285 1413 5350 decessor
1439 5286 1580 5350 seditiose
1611 5305 1702 5368 apere
1735 5283 1924 5348 conabatur
1952 5285 2069 5347 merito
2092 5281 2136 5344 W
2139 5283 2234 5346 exius
2269 5290 2302 5345 et

652 5389 874 5476 Nipperdeius
897 5392 1094 5478 expulerunt
1116 5393 1173 5473 (cf.
1195 5415 1275 5458 mus.
1297 5395 1402 5460 Rhen.
1424 5395 1559 5476 XVIII,
1582 5417 1613 5482 p.
1636 5397 1724 5480 350),
