5332 6738
1452 875 1502 950 22

654 1131 864 1211 PROCOS.
900 1133 1041 1211 SICIL.
1075 1132 1190 1210 LEG.
1224 1133 1302 1208 PR.
1338 1134 1415 1208 PR.
1453 1132 1690 1225 AQVITAN
1737 1135 1952 1235 appellatur
1998 1138 2101 1236 apud
2139 1139 2307 1214 chzeu.

653 1291 687 1338 n.
715 1265 837 1362 6907,
879 1268 1021 1338 cerbus
1047 1265 1100 1339 M.
1126 1264 1327 1340 Iuventius
1353 1264 1456 1338 Rixa
1487 1271 1576 1362 post
1608 1272 1825 1363 praeturam
1846 1264 2012 1363 prosu.
2040 1266 2307 1343 FRVMENT.

654 1393 796 1468 DAND
825 1391 828 1492 l
860 1393 971 1493 pones.
1006 1392 1136 1468 anari
1161 1389 1254 1468 Suu.
1289 1387 1497 1470 PROOOS.
1533 1391 1762 1468 PROVINC
1799 1391 1803 1494 Ι
1840 1450 1920 1468 ...
1955 1395 2015 1494 lep.
2048 1396 2137 1494 Aup.
2158 1421 2224 1493 pr.
2251 1422 2308 1495 pr.

649 1521 850 1622 proVINC.
877 1520 1126 1613 AQVITAN.
1154 1520 1269 1620 0083
1309 1523 1503 1620 aliquanto
1540 1526 1656 1596 etiam
1687 1522 1915 1598 luculentior
1942 1529 2002 1600 est
2028 1525 2164 1600 titulus
2192 1549 2307 1624 quem

652 1653 695 1725 1.
722 1651 819 1726 Iulio
854 1652 1001 1726 iuliano
1030 1708 1038 1727 .
1065 1709 1073 1726 .
1100 1706 1110 1728 .
1141 1651 1471 1728 PROCONSVLI
1500 1649 1503 1752 l
1532 1649 1864 1726 PROVINCIAE.
1891 1650 2129 1729 ACHAIAE
2159 1651 2162 1756 l
2190 1653 2305 1730 Lus.

652 1779 908 1856 LEGIONIS.
936 1778 1218 1856 SECVNDAE
1248 1779 1251 1882 l
1288 1779 1510 1858 Avovsu.
1537 1779 1723 1854 LEGAT.
1750 1779 1861 1854 AVG
1897 1781 1900 1880 ff
1936 1780 2049 1856 PRO.
2077 1782 2155 1857 PR.
2182 1783 2307 1860 PRO·

652 1908 797 1994 VINCI
826 1906 830 2009 l
859 1909 942 1984 Am.
962 1907 1302 2000 AQVITANIAE.
1330 1909 1434 1984 CON
1461 1907 1465 2010 l
1494 1908 1621 1987 SVLI.
1649 1907 1958 1987 OFFICIALES
1988 1907 1993 2014 l
2021 1909 2154 1987 EIVS.
2183 1912 2308 1990 PRO-

652 2037 879 2112 VINCIAE.
905 2035 1108 2132 AQVI'PA
1143 2037 1147 2138 1
1184 2038 1323 2115 NlAE.
1358 2037 1566 2114 OPTIMO.
1603 2037 1852 2116 PRAESIDI
1888 2035 1892 2138 l
1930 2038 2131 2116 HOMINI.
2165 2041 2306 2118 BONO

653 2165 819 2242 Ocriculi
845 2171 885 2242 in
911 2155 1093 2242 honorem
1121 2168 1342 2244 consulatus
1369 2175 1580 2268 posuerunt
1607 2171 1737 2242 statim
1764 2175 1967 2265 postquam
1990 2173 2222 2268 eprovincia
2239 2169 2307 2244 de-

653 2295 792 2371 cedens
819 2296 959 2372 oonsul·
978 2297 1104 2372 factus
1131 2304 1191 2372 est
1219 2297 1422 2396 (Borghes.
1449 2296 1515 2396 IV,
1543 2322 1578 2394 p.
1609 2296 1720 2394 110),
1755 2301 1924 2370 omnium
1957 2307 2085 2374 autom
2120 2304 2307 2397 gravissi-

653 2449 756 2499 mum
783 2426 937 2500 titulum
963 2430 1002 2499 in
1028 2431 1114 2525 ipsu
1139 2431 1335 2526 provincia
1360 2429 1472 2500 uxori
1500 2429 1636 2500 statuit
1655 2425 1710 2499 M.
1730 2423 1943 2502 CENSOR.
1968 2424 2163 2504 PAVIVS
2190 2426 2305 2503 ΒΕΘ.

653 2553 773 2628 AVG.
808 2555 887 2629 PR.
923 2556 1001 2629 PR.
1035 2554 1139 2631 PRO
1175 2557 1179 2656 l
1217 2553 1352 2629 VlNC.
1386 2554 1634 2646 AQVITAN.
1670 2553 1776 2631 COS.
1810 2554 1979 2633 DESIG.
2032 2556 2165 2655 (Orell.
2203 2557 2306 2658 189).

654 2682 766 2775 Quod
792 2690 911 2784 igitur
936 2685 982 2760 de
1008 2686 1155 2762 Iuliano
1183 2688 1370 2784 suspicari
1395 2685 1503 2784 licet,
1539 2692 1744 2782 antequam
1772 2707 1792 2757 e
1819 2689 2016 2782 provincia
2043 2683 2181 2784 abiret,
2218 2709 2304 2760 eum

653 2819 730 2890 iam
756 2816 951 2890 consulem
979 2816 1220 2915 designatum
1247 2816 1388 2914 fuisse,
1414 2813 1453 2888 id
1472 2814 1527 2888 Μ.
1547 2814 1691 2890 Paviue
1719 2811 1792 2886 eibi
1819 2817 2025 2912 contigisse
2053 2818 2136 2913 ipse
2163 2813 2305 2890 diserte

653 2951 828 3020 testatur.
879 2943 1007 3020 Unum
1044 2949 1162 3044 igitur
1194 2950 1381 3020 incertum
1417 2945 1666 3044 relinquitur,
1694 2941 1876 3043 Agricola
1907 2950 2037 3018 utrum
2072 2949 2149 3018 iam
2175 2943 2306 3044 desig-

653 3082 768 3149 natus
801 3075 934 3150 consid
965 3079 1004 3148 in
1041 3078 1275 3174 provinciam
1316 3075 1512 3173 profectus
1546 3078 1597 3147 sit
1633 3098 1681 3146 an
1717 3097 1762 3147 eo
1797 3073 1956 3148 oonsilio
1993 3072 2041 3148 ab
2075 3077 2305 3172 imperatore

656 3204 835 3278 dimissus
862 3207 930 3304 sit,
956 3210 1002 3278 ut
1029 3203 1251 3302 designatus
1278 3211 1532 3278 revocaretur.
1575 3203 1791 3301 Utrumque
1819 3206 1920 3278 enim
1946 3201 2162 3278 desfinaudi
2190 3227 2306 3280 voca-

656 3331 745 3406 bulo
782 3333 987 3431 significari
1026 3339 1163 3431 potest
1215 3331 1322 3406 Idem
1357 3355 1401 3406 ao
1436 3327 1696 3430 „designare“
1732 3331 1837 3406 valet
1872 3330 1994 3406 annal.
2019 3331 2058 3430 Ι,
2087 3333 2120 3407 3.
2158 3331 2217 3431 Π,
2246 3335 2305 3408 36.

655 3460 722 3561 VI,
749 3462 809 3534 40.
836 3461 936 3536 Hist.
963 3461 1031 3559 ΠΙ,
1060 3464 1119 3536 bb.
1145 3461 1303 3538 Sueton.
1329 3459 1438 3536 Caes.
1466 3461 1498 3532 1.
1524 3459 1644 3559 Calig.
1674 3461 1731 3532 12.
1757 3459 1887 3535 Vitell.
1916 3459 1974 3534 15.
2001 3459 2096 3536 Pun.
2125 3485 2305 3563 panegyr.

656 3593 716 3664 77.
746 3593 804 3665 95.
832 3596 871 3666 in
897 3596 1065 3690 inscript.
1086 3617 1144 3690 ap.
1158 3591 1343 3690 Borghes
1357 3589 1387 3690 Ι,
1414 3615 1449 3690 p.
1464 3591 1548 3664 351.
1577 3590 1699 3664 annal.
1712 3589 1996 3690 Rhen.XXIII,
2012 3615 2045 3689 p.
2057 3592 2116 3665 22.
2135 3592 2180 3665 al.
2207 3592 2305 3666 Item

654 3719 702 3793 de
729 3719 971 3818 sponsalibus
997 3728 1206 3819 usurpatur
1232 3720 1355 3795 annal.
1384 3720 1450 3820 VI,
1479 3722 1537 3795 lb.
1565 3721 1623 3794 30.
1650 3719 1746 3795 Plin.
1774 3745 1830 3820 ep.
1858 3720 1925 3821 VI,
1954 3722 2012 3796 26.
2048 3718 2126 3811 Qui
2152 3721 2305 3820 quidem

653 3847 833 3946 loquendi
857 3873 953 3925 usus
979 3855 1059 3924 tam
1084 3849 1265 3946 frequens
1292 3856 1352 3925 est
1379 3849 1480 3948 apud
1506 3850 1700 3948 Tacitum,
1739 3857 1784 3924 ut
1819 3855 1852 3926 si
1885 3855 2085 3951 participia
2120 3854 2305 3952 omiseris,

652 3977 778 4052 veluti
804 3979 919 4054 annal
944 3978 1012 4078 IV,
1039 3982 1099 4052 40.
1135 3979 1222 4053 hist
1248 3979 1285 4078 I,
1314 3979 1371 4051 14.
1405 3979 1487 4053 fere
1514 3977 1620 4052 solus
1646 3980 1775 4054 valere
1801 3978 1987 4054 videatur.
2039 3980 2194 4078 Itaque,
2231 3984 2305 4055 etsi

652 4107 972 4206 prudentissimus
998 4114 1175 4208 princeps
1201 4113 1241 4182 in
1267 4116 1348 4182 tres
1375 4131 1496 4182 annos
1523 4107 1699 4182 eonsules
1725 4108 1948 4206 designasse
1983 4113 2137 4182 minime
2163 4120 2305 4206 putan-

654 4236 727 4310 dus
754 4245 832 4338 est,
866 4245 995 4313 tamen
1031 4236 1131 4337 quod
1159 4238 1261 4336 apud
1288 4241 1454 4311 animum
1482 4240 1753 4336 constituerat,
1794 4243 1839 4310 ut
1872 4235 2078 4336 Agricolae
2114 4237 2304 4336 legatione

651 4364 760 4440 linita
786 4367 1026 4441 consulatum
1051 4365 1251 4464 tribueret,
1278 4365 1317 4439 id
1344 4370 1460 4440 etiam
1487 4363 1701 4440 declarasse
1726 4365 1897 4466 videtur,
1926 4364 2059 4440 eodem
2080 4373 2174 4464 putu
2195 4392 2305 4441 man-

654 4495 742 4569 dato
770 4519 845 4594 quo
872 4499 1106 4594 provinciam
1142 4495 1298 4594 detulit,
1337 4499 1438 4570 sicut
1470 4506 1583 4568 antea
1609 4493 1796 4570 Cerialem
1829 4495 2025 4570 consulem
2059 4503 2098 4570 et
2130 4496 2301 4597 legatum

652 4620 878 4698 Germaniae
904 4623 1039 4699 iisdem
1067 4623 1248 4699 codicillis
1275 4628 1430 4702 creavit.

755 4750 867 4843 Quod
888 4761 1017 4828 autem
1032 4753 1079 4828 ds
1093 4753 1385 4829 administratione
1395 4757 1663 4853 praemittitur,
1686 4760 1974 4850 procuratorum
1998 4760 2222 4852 praesertim
2244 4760 2305 4829 in-

652 4881 921 4980 scriptionibus
949 4881 1233 4982 comprobatur,
1266 4887 1331 4982 qui
1367 4880 1415 4954 ab
1441 4882 1651 4980 Aquitania
1685 4886 1885 4982 provincia
1921 4884 1969 4957 ad
2003 4907 2193 4959 summum
2222 4889 2304 4960 eius

650 5014 820 5086 muueris
837 5010 1009 5112 gradum,
1026 5010 1072 5086 ad
1085 5016 1389 5111 procurationem
1404 5037 1426 5085 a
1440 5009 1651 5086 rationibus
1664 5013 1727 5087 vel
1747 5038 1770 5086 a
1789 5010 1926 5087 libellis
1943 5020 1981 5088 et
1996 5013 2184 5114 censibus,
2202 5013 2303 5088 haud
2433 5101 2436 5108 Ι

544 5125 547 5130 ’
650 5163 736 5213 raro
771 5142 1111 5242 promovebantur,
1150 5166 1341 5240 nusquam
1366 5164 1459 5216 vero
1488 5139 1535 5214 ad
1571 5141 1729 5216 alteram
1755 5147 1989 5241 provinciam
2017 5142 2306 5220 descendebant

649 5269 711 5343 Ita
730 5267 770 5342 G.
784 5269 917 5344 Iunius
931 5269 1141 5346 Flavianus
1158 5271 1353 5369 (Iloiesicu
1378 5296 1413 5371 p.
1428 5271 1504 5344 240
1531 5299 1573 5338 =
1600 5269 1716 5346 Orcll.
1731 5273 1869 5373 3331),
1897 5277 1963 5371 qui
1990 5281 2104 5347 antea
2128 5272 2307 5348 tribunus

650 5398 813 5499 legionis
840 5399 924 5474 VH.
952 5399 1135 5478 Geminae
1161 5401 1287 5478 fuerat
1313 5428 1337 5476 a
1363 5399 1488 5476 Galba
1513 5400 1716 5500 (Borghes.
1742 5401 1809 5500 IV,
1835 5426 1871 5500 p.
1887 5400 1979 5499 220)
2006 5427 2093 5502 non,
2119 5411 2164 5478 ut
2184 5401 2307 5476 uaed-
