<?xml version="1.0" encoding="UTF-8"?>
<!DOCTYPE html PUBLIC "-//W3C//DTD XHTML 1.0 Transitional//EN"
    "http://www.w3.org/TR/xhtml1/DTD/xhtml1-transitional.dtd">
<html xmlns="http://www.w3.org/1999/xhtml" xml:lang="en" lang="en">
 <head>
  <title>
</title>
<meta http-equiv="Content-Type" content="text/html;charset=utf-8" />
  <meta name='ocr-system' content='tesseract 3.04.00' />
  <meta name='ocr-capabilities' content='ocr_page ocr_carea ocr_par ocr_line ocrx_word'/>
</head>
<body>
  <div class='ocr_page' id='page_1' title='image "./devitaethonorib00urligoog_0023.png"; bbox 0 0 5332 6738; ppageno 0'>
   <div class='ocr_carea' id='block_1_1' title="bbox 1177 851 1224 924">
    <p class='ocr_par' dir='ltr' id='par_1_1' title="bbox 1177 851 1224 924">
     <span class='ocr_line' id='line_1_1' title="bbox 1177 851 1224 924; baseline 0.043 -2"><span class='ocrx_word' id='word_1_1' title='bbox 1177 851 1224 924; x_wconf 86' lang='grc'>19</span> 
     </span>
    </p>
   </div>
   <div class='ocr_carea' id='block_1_2' title="bbox 370 1102 2029 1462">
    <p class='ocr_par' dir='ltr' id='par_1_2' title="bbox 370 1102 2029 1462">
     <span class='ocr_line' id='line_1_2' title="bbox 370 1102 2029 1206; baseline -0.002 -24"><span class='ocrx_word' id='word_1_2' title='bbox 370 1107 529 1184; x_wconf 84' lang='lat' dir='ltr'>Cerialis</span> <span class='ocrx_word' id='word_1_3' title='bbox 557 1112 623 1206; x_wconf 89' lang='lat' dir='ltr'>qui</span> <span class='ocrx_word' id='word_1_4' title='bbox 650 1106 698 1182; x_wconf 89' lang='lat' dir='ltr'>ad</span> <span class='ocrx_word' id='word_1_5' title='bbox 726 1105 953 1181; x_wconf 86' lang='lat' dir='ltr'>deditionem</span> <span class='ocrx_word' id='word_1_6' title='bbox 981 1106 1151 1182; x_wconf 89' lang='lat' dir='ltr'>Batavos</span> <span class='ocrx_word' id='word_1_7' title='bbox 1178 1104 1386 1204; x_wconf 76' lang='lat' dir='ltr'>Gallosque</span> <span class='ocrx_word' id='word_1_8' title='bbox 1411 1105 1614 1204; x_wconf 79' lang='lat' dir='ltr'>compulit,</span> <span class='ocrx_word' id='word_1_9' title='bbox 1641 1102 1776 1180; x_wconf 91' lang='lat' dir='ltr'>urbem</span> <span class='ocrx_word' id='word_1_10' title='bbox 1804 1108 1845 1178; x_wconf 89' lang='lat' dir='ltr'>in</span> <span class='ocrx_word' id='word_1_11' title='bbox 1870 1109 2029 1204; x_wconf 89' lang='lat' dir='ltr'>provin-</span> 
     </span>
     <span class='ocr_line' id='line_1_3' title="bbox 372 1231 2029 1334; baseline -0.003 -23"><span class='ocrx_word' id='word_1_12' title='bbox 372 1241 468 1312; x_wconf 90' lang='lat' dir='ltr'>ciam</span> <span class='ocrx_word' id='word_1_13' title='bbox 495 1235 740 1334; x_wconf 87' lang='lat' dir='ltr'>proficiscens</span> <span class='ocrx_word' id='word_1_14' title='bbox 766 1239 842 1309; x_wconf 91' lang='lat' dir='ltr'>iam</span> <span class='ocrx_word' id='word_1_15' title='bbox 870 1235 1092 1334; x_wconf 79' lang='lat' dir='ltr'>reliquerat,</span> <span class='ocrx_word' id='word_1_16' title='bbox 1120 1260 1206 1310; x_wconf 90' lang='lat' dir='ltr'>cum</span> <span class='ocrx_word' id='word_1_17' title='bbox 1233 1242 1418 1334; x_wconf 88' lang='lat' dir='ltr'>quantum</span> <span class='ocrx_word' id='word_1_18' title='bbox 1445 1239 1603 1332; x_wconf 90' lang='lat' dir='ltr'>imperio</span> <span class='ocrx_word' id='word_1_19' title='bbox 1630 1237 1669 1307; x_wconf 92' lang='lat' dir='ltr'>in</span> <span class='ocrx_word' id='word_1_20' title='bbox 1697 1231 1901 1308; x_wconf 83' lang='lat' dir='ltr'><strong>Germania</strong></span> <span class='ocrx_word' id='word_1_21' title='bbox 1927 1236 2029 1332; x_wconf 89' lang='lat' dir='ltr'>peri-</span> 
     </span>
     <span class='ocr_line' id='line_1_4' title="bbox 371 1360 2028 1462; baseline -0.002 -22"><span class='ocrx_word' id='word_1_22' title='bbox 371 1366 499 1441; x_wconf 89' lang='lat' dir='ltr'>culum</span> <span class='ocrx_word' id='word_1_23' title='bbox 530 1368 761 1462; x_wconf 76' lang='lat' dir='ltr'>immineret,</span> <span class='ocrx_word' id='word_1_24' title='bbox 796 1363 1000 1440; x_wconf 87' lang='lat' dir='ltr'>Mucianus</span> <span class='ocrx_word' id='word_1_25' title='bbox 1036 1369 1217 1462; x_wconf 88' lang='lat' dir='ltr'>cognovit</span> <span class='ocrx_word' id='word_1_26' title='bbox 1252 1371 1366 1462; x_wconf 88' lang='lat' dir='ltr'>atque</span> <span class='ocrx_word' id='word_1_27' title='bbox 1402 1367 1484 1462; x_wconf 90' lang='lat' dir='ltr'>ipse</span> <span class='ocrx_word' id='word_1_28' title='bbox 1517 1385 1605 1436; x_wconf 91' lang='lat' dir='ltr'>cum</span> <span class='ocrx_word' id='word_1_29' title='bbox 1633 1362 1852 1438; x_wconf 88' lang='lat' dir='ltr'>Domitiano</span> <span class='ocrx_word' id='word_1_30' title='bbox 1880 1360 1927 1436; x_wconf 90' lang='lat' dir='ltr'>ad</span> <span class='ocrx_word' id='word_1_31' title='bbox 1954 1365 2028 1436; x_wconf 89' lang='lat' dir='ltr'>iter</span> 
     </span>
    </p>
   </div>
   <div class='ocr_carea' id='block_1_3' title="bbox 240 1489 2026 1600">
    <p class='ocr_par' dir='ltr' id='par_1_3' title="bbox 240 1489 2026 1600">
     <span class='ocr_line' id='line_1_5' title="bbox 240 1489 2026 1600; baseline -0.001 -32"><span class='ocrx_word' id='word_1_32' title='bbox 240 1587 241 1600; x_wconf 19' lang='grc' dir='ltr'><strong><em>ρ</em></strong></span> <span class='ocrx_word' id='word_1_33' title='bbox 369 1493 629 1594; x_wconf 87' lang='lat' dir='ltr'>Lugdunense</span> <span class='ocrx_word' id='word_1_34' title='bbox 651 1519 693 1568; x_wconf 91' lang='lat' dir='ltr'>se</span> <span class='ocrx_word' id='word_1_35' title='bbox 711 1498 876 1569; x_wconf 75' lang='lat' dir='ltr'>accinxit</span> <span class='ocrx_word' id='word_1_36' title='bbox 890 1494 954 1592; x_wconf 86' lang='lat' dir='ltr'>(cl.</span> <span class='ocrx_word' id='word_1_37' title='bbox 967 1493 1098 1568; x_wconf 90' lang='lat' dir='ltr'>histor.</span> <span class='ocrx_word' id='word_1_38' title='bbox 1107 1493 1175 1591; x_wconf 95' lang='lat' dir='ltr'>IV,</span> <span class='ocrx_word' id='word_1_39' title='bbox 1190 1494 1267 1591; x_wconf 83' lang='lat'>68).</span> <span class='ocrx_word' id='word_1_40' title='bbox 1296 1491 1601 1568; x_wconf 79' lang='lat' dir='ltr'>Consentaneum</span> <span class='ocrx_word' id='word_1_41' title='bbox 1618 1499 1677 1566; x_wconf 86' lang='lat' dir='ltr'>est</span> <span class='ocrx_word' id='word_1_42' title='bbox 1696 1495 1825 1592; x_wconf 87' lang='lat' dir='ltr'>igitur,</span> <span class='ocrx_word' id='word_1_43' title='bbox 1841 1489 2026 1566; x_wconf 84' lang='lat' dir='ltr'>Cerialem</span> 
     </span>
    </p>
   </div>
   <div class='ocr_carea' id='block_1_4' title="bbox 370 1619 2031 4824">
    <p class='ocr_par' dir='ltr' id='par_1_4' title="bbox 370 1619 2031 4824">
     <span class='ocr_line' id='line_1_6' title="bbox 370 1619 2026 1721; baseline -0.001 -23"><span class='ocrx_word' id='word_1_44' title='bbox 370 1630 409 1698; x_wconf 92' lang='lat' dir='ltr'>in</span> <span class='ocrx_word' id='word_1_45' title='bbox 435 1627 572 1698; x_wconf 88' lang='lat' dir='ltr'>itinera</span> <span class='ocrx_word' id='word_1_46' title='bbox 601 1627 634 1698; x_wconf 88' lang='lat' dir='ltr'>si</span> <span class='ocrx_word' id='word_1_47' title='bbox 660 1646 736 1696; x_wconf 92' lang='lat' dir='ltr'>non</span> <span class='ocrx_word' id='word_1_48' title='bbox 764 1621 810 1698; x_wconf 88' lang='lat' dir='ltr'>de</span> <span class='ocrx_word' id='word_1_49' title='bbox 837 1620 1048 1698; x_wconf 84' lang='lat' dir='ltr'>defectione</span> <span class='ocrx_word' id='word_1_50' title='bbox 1074 1627 1159 1721; x_wconf 90' lang='lat' dir='ltr'>ipsa</span> <span class='ocrx_word' id='word_1_51' title='bbox 1186 1621 1252 1697; x_wconf 91' lang='lat' dir='ltr'>sed</span> <span class='ocrx_word' id='word_1_52' title='bbox 1280 1622 1326 1696; x_wconf 92' lang='lat' dir='ltr'>de</span> <span class='ocrx_word' id='word_1_53' title='bbox 1354 1619 1581 1696; x_wconf 80' lang='lat' dir='ltr'>discriminis</span> <span class='ocrx_word' id='word_1_54' title='bbox 1608 1627 1799 1720; x_wconf 87' lang='lat' dir='ltr'>gravitate</span> <span class='ocrx_word' id='word_1_55' title='bbox 1826 1625 2026 1698; x_wconf 85' lang='lat' dir='ltr'>certiorem</span> 
     </span>
     <span class='ocr_line' id='line_1_7' title="bbox 370 1749 2025 1849; baseline 0 -23"><span class='ocrx_word' id='word_1_56' title='bbox 370 1753 515 1827; x_wconf 81' lang='lat' dir='ltr'>factum</span> <span class='ocrx_word' id='word_1_57' title='bbox 537 1775 632 1828; x_wconf 87' lang='lat' dir='ltr'>esse.</span> <span class='ocrx_word' id='word_1_58' title='bbox 667 1752 804 1849; x_wconf 89' lang='lat' dir='ltr'>Itaque</span> <span class='ocrx_word' id='word_1_59' title='bbox 825 1775 910 1825; x_wconf 91' lang='lat' dir='ltr'>cum</span> <span class='ocrx_word' id='word_1_60' title='bbox 930 1756 969 1826; x_wconf 87' lang='lat' dir='ltr'>in</span> <span class='ocrx_word' id='word_1_61' title='bbox 997 1756 1232 1849; x_wconf 89' lang='lat' dir='ltr'>provinciam</span> <span class='ocrx_word' id='word_1_62' title='bbox 1259 1756 1490 1849; x_wconf 89' lang='lat' dir='ltr'>properaret,</span> <span class='ocrx_word' id='word_1_63' title='bbox 1517 1775 1632 1848; x_wconf 90' lang='lat' dir='ltr'>quam</span> <span class='ocrx_word' id='word_1_64' title='bbox 1660 1754 1803 1848; x_wconf 90' lang='lat' dir='ltr'>pariter</span> <span class='ocrx_word' id='word_1_65' title='bbox 1829 1775 1874 1826; x_wconf 91' lang='lat' dir='ltr'>ac</span> <span class='ocrx_word' id='word_1_66' title='bbox 1891 1749 2025 1826; x_wconf 87' lang='lat' dir='ltr'>Gallus</span> 
     </span>
     <span class='ocr_line' id='line_1_8' title="bbox 372 1877 2026 1980; baseline -0.002 -24"><span class='ocrx_word' id='word_1_67' title='bbox 372 1883 436 1980; x_wconf 82' lang='lat' dir='ltr'>(of.</span> <span class='ocrx_word' id='word_1_68' title='bbox 464 1881 517 1972; x_wconf 74' lang='lat' dir='ltr'>V,</span> <span class='ocrx_word' id='word_1_69' title='bbox 547 1883 613 1980; x_wconf 89' lang='grc'>16)</span> <span class='ocrx_word' id='word_1_70' title='bbox 650 1882 795 1956; x_wconf 89' lang='lat' dir='ltr'>Romae</span> <span class='ocrx_word' id='word_1_71' title='bbox 828 1889 1046 1980; x_wconf 88' lang='lat' dir='ltr'>acceperat,</span> <span class='ocrx_word' id='word_1_72' title='bbox 1080 1905 1149 1980; x_wconf 92' lang='lat' dir='ltr'>per</span> <span class='ocrx_word' id='word_1_73' title='bbox 1176 1879 1319 1955; x_wconf 90' lang='lat' dir='ltr'>Gallias</span> <span class='ocrx_word' id='word_1_74' title='bbox 1355 1883 1428 1952; x_wconf 91' lang='lat' dir='ltr'>iter</span> <span class='ocrx_word' id='word_1_75' title='bbox 1461 1902 1537 1951; x_wconf 92' lang='lat' dir='ltr'>non</span> <span class='ocrx_word' id='word_1_76' title='bbox 1571 1877 1709 1952; x_wconf 86' lang='lat' dir='ltr'>fecisse</span> <span class='ocrx_word' id='word_1_77' title='bbox 1737 1877 1937 1975; x_wconf 58' lang='lat' dir='ltr'>putandus,</span> <span class='ocrx_word' id='word_1_78' title='bbox 1956 1883 2026 1978; x_wconf 88' lang='lat' dir='ltr'>est,</span> 
     </span>
     <span class='ocr_line' id='line_1_9' title="bbox 370 2006 2027 2111; baseline -0.002 -27"><span class='ocrx_word' id='word_1_79' title='bbox 370 2016 594 2110; x_wconf 85' lang='lat' dir='ltr'>praesertim</span> <span class='ocrx_word' id='word_1_80' title='bbox 622 2035 708 2086; x_wconf 90' lang='lat' dir='ltr'>cum</span> <span class='ocrx_word' id='word_1_81' title='bbox 737 2015 927 2110; x_wconf 89' lang='lat' dir='ltr'>exercitu,</span> <span class='ocrx_word' id='word_1_82' title='bbox 963 2015 1072 2086; x_wconf 89' lang='lat' dir='ltr'>ouius</span> <span class='ocrx_word' id='word_1_83' title='bbox 1099 2018 1247 2111; x_wconf 89' lang='lat' dir='ltr'>partem</span> <span class='ocrx_word' id='word_1_84' title='bbox 1275 2008 1411 2084; x_wconf 88' lang='lat' dir='ltr'>saltem</span> <span class='ocrx_word' id='word_1_85' title='bbox 1437 2031 1550 2082; x_wconf 82' lang='lat' dir='ltr'>aarum</span> <span class='ocrx_word' id='word_1_86' title='bbox 1576 2019 1806 2082; x_wconf 68' lang='lat' dir='ltr'>tractaverant</span> <span class='ocrx_word' id='word_1_87' title='bbox 1833 2006 1919 2107; x_wconf 92' lang='lat' dir='ltr'>(IV,</span> <span class='ocrx_word' id='word_1_88' title='bbox 1948 2007 2027 2105; x_wconf 79' lang='grc'>11).</span> 
     </span>
     <span class='ocr_line' id='line_1_10' title="bbox 370 2135 2028 2238; baseline -0.002 -24"><span class='ocrx_word' id='word_1_89' title='bbox 370 2139 501 2238; x_wconf 86' lang='lat' dir='ltr'>Atque</span> <span class='ocrx_word' id='word_1_90' title='bbox 527 2140 735 2215; x_wconf 87' lang='lat' dir='ltr'>tetendisse</span> <span class='ocrx_word' id='word_1_91' title='bbox 764 2164 850 2216; x_wconf 90' lang='lat' dir='ltr'>eum</span> <span class='ocrx_word' id='word_1_92' title='bbox 879 2164 954 2238; x_wconf 90' lang='lat' dir='ltr'>quo</span> <span class='ocrx_word' id='word_1_93' title='bbox 981 2147 1123 2216; x_wconf 86' lang='lat' dir='ltr'>missus</span> <span class='ocrx_word' id='word_1_94' title='bbox 1150 2148 1251 2238; x_wconf 91' lang='lat' dir='ltr'>erat,</span> <span class='ocrx_word' id='word_1_95' title='bbox 1280 2137 1421 2212; x_wconf 88' lang='lat' dir='ltr'>diserte</span> <span class='ocrx_word' id='word_1_96' title='bbox 1448 2135 1636 2236; x_wconf 85' lang='lat' dir='ltr'>Iosephus</span> <span class='ocrx_word' id='word_1_97' title='bbox 1662 2137 1810 2212; x_wconf 91' lang='lat' dir='ltr'>retulit:</span> <span class='ocrx_word' id='word_1_98' title='bbox 1836 2135 1909 2210; x_wconf 93' lang='lat' dir='ltr'>boo</span> <span class='ocrx_word' id='word_1_99' title='bbox 1930 2160 2028 2234; x_wconf 91' lang='lat' dir='ltr'>quo-</span> 
     </span>
     <span class='ocr_line' id='line_1_11' title="bbox 371 2262 2027 2366; baseline -0.002 -23"><span class='ocrx_word' id='word_1_100' title='bbox 371 2292 445 2366; x_wconf 91' lang='lat' dir='ltr'>que</span> <span class='ocrx_word' id='word_1_101' title='bbox 481 2266 728 2366; x_wconf 87' lang='lat' dir='ltr'>probabiliter</span> <span class='ocrx_word' id='word_1_102' title='bbox 764 2274 802 2341; x_wconf 92' lang='lat' dir='ltr'>et</span> <span class='ocrx_word' id='word_1_103' title='bbox 834 2291 927 2340; x_wconf 89' lang='lat' dir='ltr'>vere</span> <span class='ocrx_word' id='word_1_104' title='bbox 962 2270 1151 2365; x_wconf 90' lang='lat' dir='ltr'>narravit,</span> <span class='ocrx_word' id='word_1_105' title='bbox 1196 2262 1384 2339; x_wconf 88' lang='lat' dir='ltr'>Cerialem</span> <span class='ocrx_word' id='word_1_106' title='bbox 1420 2271 1550 2340; x_wconf 88' lang='lat' dir='ltr'>statim</span> <span class='ocrx_word' id='word_1_107' title='bbox 1587 2272 1791 2365; x_wconf 88' lang='lat' dir='ltr'>postquam</span> <span class='ocrx_word' id='word_1_108' title='bbox 1825 2265 2027 2342; x_wconf 84' lang='lat' dir='ltr'>consulatu</span> 
     </span>
     <span class='ocr_line' id='line_1_12' title="bbox 370 2393 2027 2497; baseline -0.002 -25"><span class='ocrx_word' id='word_1_109' title='bbox 370 2423 439 2497; x_wconf 91' lang='lat' dir='ltr'>per</span> <span class='ocrx_word' id='word_1_110' title='bbox 465 2396 627 2472; x_wconf 87' lang='lat' dir='ltr'>alterum</span> <span class='ocrx_word' id='word_1_111' title='bbox 662 2396 873 2471; x_wconf 90' lang='lat' dir='ltr'>nundinum</span> <span class='ocrx_word' id='word_1_112' title='bbox 900 2403 1009 2495; x_wconf 90' lang='lat' dir='ltr'>gesto</span> <span class='ocrx_word' id='word_1_113' title='bbox 1047 2394 1209 2494; x_wconf 88' lang='lat' dir='ltr'>abierat,</span> <span class='ocrx_word' id='word_1_114' title='bbox 1247 2399 1287 2469; x_wconf 94' lang='lat' dir='ltr'>in</span> <span class='ocrx_word' id='word_1_115' title='bbox 1321 2399 1556 2493; x_wconf 81' lang='lat' dir='ltr'>prouinciam</span> <span class='ocrx_word' id='word_1_116' title='bbox 1592 2396 1806 2493; x_wconf 87' lang='lat' dir='ltr'>profectum</span> <span class='ocrx_word' id='word_1_117' title='bbox 1848 2415 1933 2470; x_wconf 83' lang='lat' dir='ltr'>esse</span> <span class='ocrx_word' id='word_1_118' title='bbox 1960 2393 2027 2491; x_wconf 83' lang='lat' dir='ltr'>(cf.</span> 
     </span>
     <span class='ocr_line' id='line_1_13' title="bbox 370 2521 2027 2627; baseline -0.002 -26"><span class='ocrx_word' id='word_1_119' title='bbox 370 2527 555 2627; x_wconf 90' lang='lat' dir='ltr'>Borghes.</span> <span class='ocrx_word' id='word_1_120' title='bbox 584 2551 642 2626; x_wconf 91' lang='lat' dir='ltr'>ap.</span> <span class='ocrx_word' id='word_1_121' title='bbox 669 2524 885 2624; x_wconf 88' lang='lat' dir='ltr'>Cardinal.).</span> <span class='ocrx_word' id='word_1_122' title='bbox 925 2525 1060 2623; x_wconf 89' lang='lat' dir='ltr'>Itaque</span> <span class='ocrx_word' id='word_1_123' title='bbox 1087 2525 1187 2623; x_wconf 87' lang='lat' dir='ltr'>falsa</span> <span class='ocrx_word' id='word_1_124' title='bbox 1213 2532 1303 2599; x_wconf 90' lang='lat' dir='ltr'>sunt</span> <span class='ocrx_word' id='word_1_125' title='bbox 1330 2529 1546 2600; x_wconf 89' lang='lat' dir='ltr'>necessario</span> <span class='ocrx_word' id='word_1_126' title='bbox 1574 2548 1673 2624; x_wconf 90' lang='lat' dir='ltr'>quae</span> <span class='ocrx_word' id='word_1_127' title='bbox 1701 2521 1911 2622; x_wconf 90' lang='lat' dir='ltr'>adduntur,</span> <span class='ocrx_word' id='word_1_128' title='bbox 1939 2547 2027 2598; x_wconf 90' lang='lat' dir='ltr'>eum</span> 
     </span>
     <span class='ocr_line' id='line_1_14' title="bbox 372 2650 2026 2754; baseline -0.002 -23"><span class='ocrx_word' id='word_1_129' title='bbox 372 2662 411 2732; x_wconf 90' lang='lat' dir='ltr'>in</span> <span class='ocrx_word' id='word_1_130' title='bbox 438 2657 677 2732; x_wconf 83' lang='lat' dir='ltr'>Britanniam</span> <span class='ocrx_word' id='word_1_131' title='bbox 703 2659 863 2729; x_wconf 89' lang='lat' dir='ltr'>missum</span> <span class='ocrx_word' id='word_1_132' title='bbox 891 2679 997 2747; x_wconf 83' lang='lat' dir='ltr'>esse,</span> <span class='ocrx_word' id='word_1_133' title='bbox 1025 2679 1110 2730; x_wconf 84' lang='lat' dir='ltr'>cunr</span> <span class='ocrx_word' id='word_1_134' title='bbox 1138 2662 1252 2729; x_wconf 86' lang='lat' dir='ltr'>antea</span> <span class='ocrx_word' id='word_1_135' title='bbox 1283 2653 1508 2729; x_wconf 88' lang='lat' dir='ltr'>Germaniae</span> <span class='ocrx_word' id='word_1_136' title='bbox 1535 2655 1754 2754; x_wconf 83' lang='lat' dir='ltr'>praefuerit</span> <span class='ocrx_word' id='word_1_137' title='bbox 1803 2650 1911 2743; x_wconf 78' lang='lat' dir='ltr'>Quae</span> <span class='ocrx_word' id='word_1_138' title='bbox 1938 2677 2026 2728; x_wconf 91' lang='lat' dir='ltr'>oum</span> 
     </span>
     <span class='ocr_line' id='line_1_15' title="bbox 371 2783 2026 2888; baseline -0.003 -28"><span class='ocrx_word' id='word_1_139' title='bbox 371 2786 579 2860; x_wconf 85' lang='lat' dir='ltr'>Hiibnerus</span> <span class='ocrx_word' id='word_1_140' title='bbox 612 2790 667 2859; x_wconf 90' lang='lat' dir='ltr'>ita</span> <span class='ocrx_word' id='word_1_141' title='bbox 702 2789 891 2883; x_wconf 86' lang='lat' dir='ltr'>corrigere</span> <span class='ocrx_word' id='word_1_142' title='bbox 927 2785 1075 2884; x_wconf 89' lang='lat' dir='ltr'>studet,</span> <span class='ocrx_word' id='word_1_143' title='bbox 1116 2793 1160 2859; x_wconf 91' lang='lat' dir='ltr'>ut</span> <span class='ocrx_word' id='word_1_144' title='bbox 1185 2783 1305 2861; x_wconf 91' lang='lat' dir='ltr'>verba</span> <span class='ocrx_word' id='word_1_145' title='bbox 1338 2784 1382 2862; x_wconf 87' lang='grc' dir='ltr'>τὸ</span> <span class='ocrx_word' id='word_1_146' title='bbox 1416 2815 1478 2888; x_wconf 81' lang='grc' dir='ltr'>πρ.</span> <span class='ocrx_word' id='word_1_147' title='bbox 1517 2827 1563 2838; x_wconf 88' lang='grc'>-</span> <span class='ocrx_word' id='word_1_148' title='bbox 1597 2791 1786 2888; x_wconf 69' lang='lat' dir='ltr'>peraptum</span> <span class='ocrx_word' id='word_1_149' title='bbox 1831 2789 2026 2880; x_wconf 85' lang='lat' dir='ltr'>tamquam</span> 
     </span>
     <span class='ocr_line' id='line_1_16' title="bbox 371 2911 2027 3016; baseline -0.001 -26"><span class='ocrx_word' id='word_1_150' title='bbox 371 2923 509 3014; x_wconf 86' lang='lat' dir='ltr'>postea</span> <span class='ocrx_word' id='word_1_151' title='bbox 533 2915 632 2989; x_wconf 89' lang='lat' dir='ltr'>male</span> <span class='ocrx_word' id='word_1_152' title='bbox 660 2913 791 2990; x_wconf 90' lang='lat' dir='ltr'>addita</span> <span class='ocrx_word' id='word_1_153' title='bbox 816 2913 1003 3012; x_wconf 84' lang='lat' dir='ltr'>expellat,</span> <span class='ocrx_word' id='word_1_154' title='bbox 1032 2920 1072 2988; x_wconf 88' lang='lat' dir='ltr'>et</span> <span class='ocrx_word' id='word_1_155' title='bbox 1097 2913 1261 3015; x_wconf 73' lang='grc' dir='ltr'><strong><em>ἄρξαντα</em></strong></span> <span class='ocrx_word' id='word_1_156' title='bbox 1288 2918 1325 2988; x_wconf 91' lang='lat' dir='ltr'>in</span> <span class='ocrx_word' id='word_1_157' title='bbox 1352 2913 1516 3016; x_wconf 77' lang='grc' dir='ltr'><strong><em>ἄρξοντα</em></strong></span> <span class='ocrx_word' id='word_1_158' title='bbox 1542 2920 1683 3012; x_wconf 86' lang='lat' dir='ltr'>mutet,</span> <span class='ocrx_word' id='word_1_159' title='bbox 1719 2911 1759 2987; x_wconf 91' lang='lat' dir='ltr'>id</span> <span class='ocrx_word' id='word_1_160' title='bbox 1784 2916 1911 3012; x_wconf 89' lang='lat' dir='ltr'>ipsum</span> <span class='ocrx_word' id='word_1_161' title='bbox 1937 2913 2027 2988; x_wconf 91' lang='lat' dir='ltr'>reli-</span> 
     </span>
     <span class='ocr_line' id='line_1_17' title="bbox 372 3039 2026 3143; baseline -0.001 -25"><span class='ocrx_word' id='word_1_162' title='bbox 372 3049 456 3141; x_wconf 90' lang='lat' dir='ltr'>quit</span> <span class='ocrx_word' id='word_1_163' title='bbox 484 3042 584 3143; x_wconf 92' lang='lat' dir='ltr'>quod</span> <span class='ocrx_word' id='word_1_164' title='bbox 608 3043 808 3118; x_wconf 83' lang='lat' dir='ltr'>ferendum</span> <span class='ocrx_word' id='word_1_165' title='bbox 835 3066 912 3116; x_wconf 92' lang='lat' dir='ltr'>non</span> <span class='ocrx_word' id='word_1_166' title='bbox 939 3050 1015 3142; x_wconf 89' lang='lat' dir='ltr'>est,</span> <span class='ocrx_word' id='word_1_167' title='bbox 1043 3041 1229 3117; x_wconf 90' lang='lat' dir='ltr'>Cerialem</span> <span class='ocrx_word' id='word_1_168' title='bbox 1255 3047 1294 3117; x_wconf 91' lang='lat' dir='ltr'>in</span> <span class='ocrx_word' id='word_1_169' title='bbox 1320 3042 1558 3118; x_wconf 69' lang='lat' dir='ltr'>Britanniam</span> <span class='ocrx_word' id='word_1_170' title='bbox 1585 3047 1746 3116; x_wconf 89' lang='lat' dir='ltr'>missum</span> <span class='ocrx_word' id='word_1_171' title='bbox 1773 3065 1868 3118; x_wconf 89' lang='lat' dir='ltr'>esse.</span> <span class='ocrx_word' id='word_1_172' title='bbox 1914 3039 2026 3132; x_wconf 80' lang='lat' dir='ltr'>Quod</span> 
     </span>
     <span class='ocr_line' id='line_1_18' title="bbox 372 3170 2025 3270; baseline -0.003 -21"><span class='ocrx_word' id='word_1_173' title='bbox 372 3179 473 3249; x_wconf 92' lang='lat' dir='ltr'>enim</span> <span class='ocrx_word' id='word_1_174' title='bbox 494 3174 660 3262; x_wconf 84' lang='lat' dir='ltr'>fortasse</span> <span class='ocrx_word' id='word_1_175' title='bbox 675 3171 835 3247; x_wconf 86' lang='lat' dir='ltr'>Cerialis</span> <span class='ocrx_word' id='word_1_176' title='bbox 856 3172 1123 3247; x_wconf 87' lang='lat' dir='ltr'>consulatuum</span> <span class='ocrx_word' id='word_1_177' title='bbox 1150 3171 1247 3245; x_wconf 89' lang='lat' dir='ltr'>duos</span> <span class='ocrx_word' id='word_1_178' title='bbox 1273 3195 1393 3245; x_wconf 89' lang='lat' dir='ltr'>annos</span> <span class='ocrx_word' id='word_1_179' title='bbox 1420 3175 1478 3245; x_wconf 76' lang='lat'>71.</span> <span class='ocrx_word' id='word_1_180' title='bbox 1506 3177 1545 3246; x_wconf 89' lang='lat' dir='ltr'>et</span> <span class='ocrx_word' id='word_1_181' title='bbox 1569 3174 1627 3244; x_wconf 83' lang='grc'>14.</span> <span class='ocrx_word' id='word_1_182' title='bbox 1640 3171 1670 3270; x_wconf 86' lang='grc'>1)</span> <span class='ocrx_word' id='word_1_183' title='bbox 1698 3196 1722 3244; x_wconf 91' lang='lat' dir='ltr'>a</span> <span class='ocrx_word' id='word_1_184' title='bbox 1746 3170 1909 3268; x_wconf 89' lang='lat' dir='ltr'>Iosepho</span> <span class='ocrx_word' id='word_1_185' title='bbox 1935 3194 2025 3269; x_wconf 89' lang='lat' dir='ltr'>per-</span> 
     </span>
     <span class='ocr_line' id='line_1_19' title="bbox 373 3297 2024 3402; baseline -0.002 -26"><span class='ocrx_word' id='word_1_186' title='bbox 373 3311 541 3378; x_wconf 89' lang='lat' dir='ltr'>mutatos</span> <span class='ocrx_word' id='word_1_187' title='bbox 582 3326 666 3376; x_wconf 89' lang='lat' dir='ltr'>essa</span> <span class='ocrx_word' id='word_1_188' title='bbox 707 3308 838 3402; x_wconf 89' lang='lat' dir='ltr'>putat,</span> <span class='ocrx_word' id='word_1_189' title='bbox 881 3300 1015 3376; x_wconf 90' lang='lat' dir='ltr'>eodem</span> <span class='ocrx_word' id='word_1_190' title='bbox 1056 3300 1168 3375; x_wconf 91' lang='lat' dir='ltr'>modo</span> <span class='ocrx_word' id='word_1_191' title='bbox 1208 3299 1367 3374; x_wconf 79' lang='lat' dir='ltr'>Cerialis</span> <span class='ocrx_word' id='word_1_192' title='bbox 1406 3303 1445 3373; x_wconf 93' lang='lat' dir='ltr'>in</span> <span class='ocrx_word' id='word_1_193' title='bbox 1486 3299 1612 3374; x_wconf 89' lang='lat' dir='ltr'>aliena</span> <span class='ocrx_word' id='word_1_194' title='bbox 1651 3303 1849 3397; x_wconf 88' lang='lat' dir='ltr'>provincie</span> <span class='ocrx_word' id='word_1_195' title='bbox 1884 3297 2024 3373; x_wconf 90' lang='lat' dir='ltr'>bellum</span> 
     </span>
     <span class='ocr_line' id='line_1_20' title="bbox 372 3425 2026 3530; baseline -0.001 -24"><span class='ocrx_word' id='word_1_196' title='bbox 372 3436 567 3530; x_wconf 87' lang='lat' dir='ltr'>gessisset.</span> <span class='ocrx_word' id='word_1_197' title='bbox 608 3429 709 3521; x_wconf 82' lang='lat' dir='ltr'>Quid</span> <span class='ocrx_word' id='word_1_198' title='bbox 736 3431 884 3506; x_wconf 78' lang='lat' dir='ltr'>multa?</span> <span class='ocrx_word' id='word_1_199' title='bbox 923 3430 1011 3505; x_wconf 91' lang='lat' dir='ltr'>Duo</span> <span class='ocrx_word' id='word_1_200' title='bbox 1039 3436 1193 3506; x_wconf 92' lang='lat' dir='ltr'>nomina</span> <span class='ocrx_word' id='word_1_201' title='bbox 1219 3435 1372 3530; x_wconf 88' lang='lat' dir='ltr'>propria</span> <span class='ocrx_word' id='word_1_202' title='bbox 1399 3454 1422 3504; x_wconf 91' lang='lat' dir='ltr'>a</span> <span class='ocrx_word' id='word_1_203' title='bbox 1448 3428 1613 3508; x_wconf 86' lang='lat' dir='ltr'>librariis</span> <span class='ocrx_word' id='word_1_204' title='bbox 1639 3435 1856 3526; x_wconf 86' lang='lat' dir='ltr'>permutata</span> <span class='ocrx_word' id='word_1_205' title='bbox 1883 3435 1973 3504; x_wconf 88' lang='lat' dir='ltr'>sunt</span> <span class='ocrx_word' id='word_1_206' title='bbox 1986 3425 2026 3530; x_wconf 84' lang='lat'>¹),</span> 
     </span>
     <span class='ocr_line' id='line_1_21' title="bbox 372 3557 2028 3660; baseline 0.001 -25"><span class='ocrx_word' id='word_1_207' title='bbox 372 3584 470 3659; x_wconf 89' lang='lat' dir='ltr'>quae</span> <span class='ocrx_word' id='word_1_208' title='bbox 497 3565 778 3660; x_wconf 87' lang='lat' dir='ltr'>praepositione</span> <span class='ocrx_word' id='word_1_209' title='bbox 805 3559 934 3635; x_wconf 90' lang='lat' dir='ltr'>addita</span> <span class='ocrx_word' id='word_1_210' title='bbox 969 3565 1024 3636; x_wconf 92' lang='lat' dir='ltr'>ita</span> <span class='ocrx_word' id='word_1_211' title='bbox 1056 3560 1340 3658; x_wconf 88' lang='lat' dir='ltr'>transponenda</span> <span class='ocrx_word' id='word_1_212' title='bbox 1376 3567 1485 3658; x_wconf 91' lang='lat' dir='ltr'>sunt,</span> <span class='ocrx_word' id='word_1_213' title='bbox 1521 3565 1565 3633; x_wconf 92' lang='lat' dir='ltr'>ut</span> <span class='ocrx_word' id='word_1_214' title='bbox 1600 3558 1751 3659; x_wconf 87' lang='lat' dir='ltr'>legatur</span> <span class='ocrx_word' id='word_1_215' title='bbox 1776 3557 1820 3636; x_wconf 79' lang='grc' dir='ltr'>τὰ</span> <span class='ocrx_word' id='word_1_216' title='bbox 1846 3557 2028 3660; x_wconf 85' lang='grc' dir='ltr'><strong><em>πρότερον</em></strong></span> 
     </span>
     <span class='ocr_line' id='line_1_22' title="bbox 370 3687 2027 3796; baseline -0.004 -28"><span class='ocrx_word' id='word_1_217' title='bbox 370 3688 522 3796; x_wconf 77' lang='grc' dir='ltr'>ἡγεμόνι</span> <span class='ocrx_word' id='word_1_218' title='bbox 549 3694 774 3792; x_wconf 75' lang='grc' dir='ltr'><strong><em>Βρεττανίας</em></strong></span> <span class='ocrx_word' id='word_1_219' title='bbox 798 3690 987 3796; x_wconf 74' lang='grc' dir='ltr'>γενομένῳ</span> <span class='ocrx_word' id='word_1_220' title='bbox 1015 3695 1053 3764; x_wconf 88' lang='lat' dir='ltr'>et</span> <span class='ocrx_word' id='word_1_221' title='bbox 1080 3695 1128 3776; x_wconf 79' lang='lat' dir='ltr'>sic</span> <span class='ocrx_word' id='word_1_222' title='bbox 1149 3693 1355 3792; x_wconf 71' lang='grc' dir='ltr'><strong><em>Γερμανίας</em></strong></span> <span class='ocrx_word' id='word_1_223' title='bbox 1381 3687 1537 3768; x_wconf 77' lang='grc' dir='ltr'><strong><em>ἀπιέναι.</em></strong></span> <span class='ocrx_word' id='word_1_224' title='bbox 1583 3687 1711 3762; x_wconf 87' lang='lat' dir='ltr'>Antea</span> <span class='ocrx_word' id='word_1_225' title='bbox 1737 3692 1838 3762; x_wconf 89' lang='lat' dir='ltr'>enim</span> <span class='ocrx_word' id='word_1_226' title='bbox 1865 3688 2027 3786; x_wconf 85' lang='lat' dir='ltr'>legionis</span> 
     </span>
     <span class='ocr_line' id='line_1_23' title="bbox 371 3816 2027 3918; baseline -0.001 -24"><span class='ocrx_word' id='word_1_227' title='bbox 371 3820 543 3918; x_wconf 86' lang='lat' dir='ltr'>legatum</span> <span class='ocrx_word' id='word_1_228' title='bbox 579 3824 618 3894; x_wconf 90' lang='lat' dir='ltr'>in</span> <span class='ocrx_word' id='word_1_229' title='bbox 644 3819 846 3896; x_wconf 86' lang='lat' dir='ltr'>Britannia</span> <span class='ocrx_word' id='word_1_230' title='bbox 879 3819 1000 3895; x_wconf 88' lang='lat' dir='ltr'>fuisse</span> <span class='ocrx_word' id='word_1_231' title='bbox 1036 3827 1202 3918; x_wconf 88' lang='lat' dir='ltr'>constat,</span> <span class='ocrx_word' id='word_1_232' title='bbox 1229 3819 1276 3894; x_wconf 84' lang='lat' dir='ltr'>cf.</span> <span class='ocrx_word' id='word_1_233' title='bbox 1303 3819 1415 3893; x_wconf 89' lang='lat' dir='ltr'>annal</span> <span class='ocrx_word' id='word_1_234' title='bbox 1442 3816 1560 3918; x_wconf 87' lang='lat' dir='ltr'>XIV,</span> <span class='ocrx_word' id='word_1_235' title='bbox 1589 3819 1647 3893; x_wconf 78' lang='lat'>32.</span> <span class='ocrx_word' id='word_1_236' title='bbox 1701 3818 1838 3916; x_wconf 90' lang='lat' dir='ltr'>Itaque</span> <span class='ocrx_word' id='word_1_237' title='bbox 1867 3817 2027 3893; x_wconf 89' lang='lat' dir='ltr'>Ceriabs</span> 
     </span>
     <span class='ocr_line' id='line_1_24' title="bbox 374 3946 2027 4048; baseline 0.001 -26"><span class='ocrx_word' id='word_1_238' title='bbox 374 3973 461 4024; x_wconf 91' lang='lat' dir='ltr'>oum</span> <span class='ocrx_word' id='word_1_239' title='bbox 475 3949 575 4048; x_wconf 77' lang='lat' dir='ltr'>flare</span> <span class='ocrx_word' id='word_1_240' title='bbox 600 3949 757 4024; x_wconf 79' lang='lat' dir='ltr'>autumni</span> <span class='ocrx_word' id='word_1_241' title='bbox 789 3973 851 4024; x_wconf 91' lang='lat' dir='ltr'>res</span> <span class='ocrx_word' id='word_1_242' title='bbox 877 3949 1114 4024; x_wconf 89' lang='lat' dir='ltr'>Batavorum</span> <span class='ocrx_word' id='word_1_243' title='bbox 1151 3953 1428 4048; x_wconf 83' lang='lat' dir='ltr'>composuisset</span> <span class='ocrx_word' id='word_1_244' title='bbox 1455 3947 1561 4046; x_wconf 90' lang='lat' dir='ltr'>(hist</span> <span class='ocrx_word' id='word_1_245' title='bbox 1588 3946 1637 4048; x_wconf 89' lang='lat' dir='ltr'>V,</span> <span class='ocrx_word' id='word_1_246' title='bbox 1664 3948 1751 4047; x_wconf 76' lang='lat'>23),</span> <span class='ocrx_word' id='word_1_247' title='bbox 1787 3952 1908 4046; x_wconf 90' lang='lat' dir='ltr'>primo</span> <span class='ocrx_word' id='word_1_248' title='bbox 1935 3972 2027 4024; x_wconf 90' lang='lat' dir='ltr'>vere</span> 
     </span>
     <span class='ocr_line' id='line_1_25' title="bbox 373 4077 2031 4176; baseline 0 -24"><span class='ocrx_word' id='word_1_249' title='bbox 373 4082 462 4152; x_wconf 88' lang='lat' dir='ltr'>anni</span> <span class='ocrx_word' id='word_1_250' title='bbox 500 4081 521 4150; x_wconf 82' lang='lat' dir='ltr'>l</span> <span class='ocrx_word' id='word_1_251' title='bbox 527 4079 557 4151; x_wconf 93' lang='lat'>1.</span> <span class='ocrx_word' id='word_1_252' title='bbox 592 4085 637 4152; x_wconf 92' lang='lat' dir='ltr'>ut</span> <span class='ocrx_word' id='word_1_253' title='bbox 681 4077 822 4152; x_wconf 91' lang='lat' dir='ltr'>bellum</span> <span class='ocrx_word' id='word_1_254' title='bbox 864 4102 950 4152; x_wconf 93' lang='lat' dir='ltr'>cum</span> <span class='ocrx_word' id='word_1_255' title='bbox 990 4077 1238 4176; x_wconf 85' lang='lat' dir='ltr'>Brigantibus</span> <span class='ocrx_word' id='word_1_256' title='bbox 1274 4077 1496 4176; x_wconf 85' lang='lat' dir='ltr'>profligaret</span> <span class='ocrx_word' id='word_1_257' title='bbox 1535 4078 1609 4176; x_wconf 82' lang='lat' dir='ltr'>(cl.</span> <span class='ocrx_word' id='word_1_258' title='bbox 1641 4077 1729 4152; x_wconf 86' lang='lat' dir='ltr'>bist</span> <span class='ocrx_word' id='word_1_259' title='bbox 1755 4077 1830 4176; x_wconf 92' lang='lat' dir='ltr'>Ill,</span> <span class='ocrx_word' id='word_1_260' title='bbox 1867 4079 1925 4154; x_wconf 87' lang='grc'>64.</span> <span class='ocrx_word' id='word_1_261' title='bbox 1970 4078 2031 4152; x_wconf 92' lang='lat' dir='ltr'>cll.</span> 
     </span>
     <span class='ocr_line' id='line_1_26' title="bbox 372 4205 2029 4306; baseline 0.001 -26"><span class='ocrx_word' id='word_1_262' title='bbox 372 4207 502 4305; x_wconf 89' lang='lat' dir='ltr'>Agric.</span> <span class='ocrx_word' id='word_1_263' title='bbox 531 4207 597 4306; x_wconf 76' lang='grc'>11)</span> <span class='ocrx_word' id='word_1_264' title='bbox 626 4205 674 4279; x_wconf 90' lang='lat' dir='ltr'>ad</span> <span class='ocrx_word' id='word_1_265' title='bbox 699 4205 921 4280; x_wconf 88' lang='lat' dir='ltr'>Britanniae</span> <span class='ocrx_word' id='word_1_266' title='bbox 946 4208 1175 4306; x_wconf 88' lang='lat' dir='ltr'>legationem</span> <span class='ocrx_word' id='word_1_267' title='bbox 1203 4213 1400 4305; x_wconf 91' lang='lat' dir='ltr'>promotus</span> <span class='ocrx_word' id='word_1_268' title='bbox 1424 4215 1505 4282; x_wconf 86' lang='lat' dir='ltr'>&#39;est</span> <span class='ocrx_word' id='word_1_269' title='bbox 1557 4207 1745 4282; x_wconf 89' lang='lat' dir='ltr'>Maiorem</span> <span class='ocrx_word' id='word_1_270' title='bbox 1782 4211 1881 4280; x_wconf 91' lang='lat' dir='ltr'>enim</span> <span class='ocrx_word' id='word_1_271' title='bbox 1914 4206 2029 4282; x_wconf 89' lang='lat' dir='ltr'>buius</span> 
     </span>
     <span class='ocr_line' id='line_1_27' title="bbox 373 4335 2029 4435; baseline 0 -26"><span class='ocrx_word' id='word_1_272' title='bbox 373 4339 591 4434; x_wconf 87' lang='lat' dir='ltr'>provinciae</span> <span class='ocrx_word' id='word_1_273' title='bbox 619 4335 877 4435; x_wconf 85' lang='lat' dir='ltr'>dignationem</span> <span class='ocrx_word' id='word_1_274' title='bbox 902 4337 1025 4412; x_wconf 84' lang='lat' dir='ltr'>fuisso</span> <span class='ocrx_word' id='word_1_275' title='bbox 1047 4336 1331 4411; x_wconf 90' lang='lat' dir='ltr'>demonstratur</span> <span class='ocrx_word' id='word_1_276' title='bbox 1354 4336 1613 4435; x_wconf 87' lang='lat' dir='ltr'>compluribus</span> <span class='ocrx_word' id='word_1_277' title='bbox 1640 4335 1962 4435; x_wconf 89' lang='lat' dir='ltr'>inscriptionibus,</span> <span class='ocrx_word' id='word_1_278' title='bbox 1989 4339 2029 4410; x_wconf 90' lang='lat' dir='ltr'>in</span> 
     </span>
     <span class='ocr_line' id='line_1_28' title="bbox 374 4462 2030 4565; baseline 0.004 -30"><span class='ocrx_word' id='word_1_279' title='bbox 374 4462 513 4560; x_wconf 87' lang='lat' dir='ltr'>quibus</span> <span class='ocrx_word' id='word_1_280' title='bbox 548 4468 741 4544; x_wconf 87' lang='lat' dir='ltr'>variarum</span> <span class='ocrx_word' id='word_1_281' title='bbox 781 4468 1063 4563; x_wconf 89' lang='lat' dir='ltr'>provinciarum</span> <span class='ocrx_word' id='word_1_282' title='bbox 1105 4470 1224 4541; x_wconf 89' lang='lat' dir='ltr'>series</span> <span class='ocrx_word' id='word_1_283' title='bbox 1262 4470 1317 4540; x_wconf 87' lang='lat' dir='ltr'>ita</span> <span class='ocrx_word' id='word_1_284' title='bbox 1355 4464 1585 4565; x_wconf 90' lang='lat' dir='ltr'>disponitur,</span> <span class='ocrx_word' id='word_1_285' title='bbox 1634 4472 1679 4540; x_wconf 87' lang='lat' dir='ltr'>ut</span> <span class='ocrx_word' id='word_1_286' title='bbox 1718 4469 1907 4563; x_wconf 87' lang='lat' dir='ltr'>posterior</span> <span class='ocrx_word' id='word_1_287' title='bbox 1942 4465 2030 4541; x_wconf 91' lang='lat' dir='ltr'>Bri-</span> 
     </span>
     <span class='ocr_line' id='line_1_29' title="bbox 374 4594 2030 4696; baseline 0.001 -30"><span class='ocrx_word' id='word_1_288' title='bbox 374 4597 505 4668; x_wconf 89' lang='lat' dir='ltr'>tannia</span> <span class='ocrx_word' id='word_1_289' title='bbox 532 4603 777 4670; x_wconf 86' lang='lat' dir='ltr'>enumeretur</span> <span class='ocrx_word' id='word_1_290' title='bbox 803 4595 868 4693; x_wconf 82' lang='lat' dir='ltr'>(cf.</span> <span class='ocrx_word' id='word_1_291' title='bbox 894 4595 1084 4696; x_wconf 88' lang='lat' dir='ltr'>Borghesi</span> <span class='ocrx_word' id='word_1_292' title='bbox 1109 4595 1183 4696; x_wconf 86' lang='lat' dir='ltr'>IV,</span> <span class='ocrx_word' id='word_1_293' title='bbox 1211 4621 1244 4695; x_wconf 92' lang='lat' dir='ltr'>p.</span> <span class='ocrx_word' id='word_1_294' title='bbox 1274 4594 1378 4693; x_wconf 87' lang='grc'>169).</span> <span class='ocrx_word' id='word_1_295' title='bbox 1434 4594 1511 4669; x_wconf 90' lang='lat' dir='ltr'>Ubi</span> <span class='ocrx_word' id='word_1_296' title='bbox 1544 4617 1628 4668; x_wconf 89' lang='lat' dir='ltr'>cum</span> <span class='ocrx_word' id='word_1_297' title='bbox 1665 4594 1811 4692; x_wconf 90' lang='lat' dir='ltr'>reliquo</span> <span class='ocrx_word' id='word_1_298' title='bbox 1847 4598 2030 4694; x_wconf 86' lang='lat' dir='ltr'>exercitu,</span> 
     </span>
     <span class='ocr_line' id='line_1_30' title="bbox 373 4721 2030 4824; baseline -0.001 -25"><span class='ocrx_word' id='word_1_299' title='bbox 373 4747 487 4818; x_wconf 89' lang='lat' dir='ltr'>quem</span> <span class='ocrx_word' id='word_1_300' title='bbox 513 4721 672 4798; x_wconf 91' lang='lat' dir='ltr'>Cerialis</span> <span class='ocrx_word' id='word_1_301' title='bbox 705 4725 855 4824; x_wconf 90' lang='lat' dir='ltr'>legione</span> <span class='ocrx_word' id='word_1_302' title='bbox 889 4725 935 4798; x_wconf 86' lang='lat' dir='ltr'>IL</span> <span class='ocrx_word' id='word_1_303' title='bbox 969 4724 1167 4799; x_wconf 88' lang='lat' dir='ltr'>Adiutrice</span> <span class='ocrx_word' id='word_1_304' title='bbox 1203 4747 1223 4798; x_wconf 89' lang='lat' dir='ltr'>e</span> <span class='ocrx_word' id='word_1_305' title='bbox 1260 4722 1467 4798; x_wconf 90' lang='lat' dir='ltr'>Germania</span> <span class='ocrx_word' id='word_1_306' title='bbox 1511 4747 1640 4798; x_wconf 91' lang='lat' dir='ltr'>secum</span> <span class='ocrx_word' id='word_1_307' title='bbox 1677 4721 1840 4797; x_wconf 88' lang='lat' dir='ltr'>adducta</span> <span class='ocrx_word' id='word_1_308' title='bbox 1874 4726 2030 4800; x_wconf 83' lang='lat' dir='ltr'>auxisse</span> 
     </span>
    </p>
   </div>
   <div class='ocr_carea' id='block_1_5' title="bbox 373 5045 2030 5366">
    <p class='ocr_par' dir='ltr' id='par_1_5' title="bbox 373 5045 2030 5366">
     <span class='ocr_line' id='line_1_31' title="bbox 483 5045 2030 5151; baseline 0.001 -41"><span class='ocrx_word' id='word_1_309' title='bbox 483 5048 507 5133; x_wconf 91' lang='lat'>¹)</span> <span class='ocrx_word' id='word_1_310' title='bbox 529 5047 598 5113; x_wconf 86' lang='lat' dir='ltr'>Hoc</span> <span class='ocrx_word' id='word_1_311' title='bbox 627 5055 727 5113; x_wconf 76' lang='lat' dir='ltr'>tanam</span> <span class='ocrx_word' id='word_1_312' title='bbox 758 5055 874 5113; x_wconf 84' lang='lat' dir='ltr'>certum</span> <span class='ocrx_word' id='word_1_313' title='bbox 901 5051 1020 5115; x_wconf 73' lang='lat' dir='ltr'>uidetur</span> <span class='ocrx_word' id='word_1_314' title='bbox 1043 5051 1155 5134; x_wconf 78' lang='lat' dir='ltr'>primia</span> <span class='ocrx_word' id='word_1_315' title='bbox 1183 5050 1342 5151; x_wconf 59' lang='grc'>1896110613</span> <span class='ocrx_word' id='word_1_316' title='bbox 1375 5049 1465 5112; x_wconf 76' lang='lat' dir='ltr'>anaia</span> <span class='ocrx_word' id='word_1_317' title='bbox 1496 5057 1649 5113; x_wconf 83' lang='lat' dir='ltr'>mortuam</span> <span class='ocrx_word' id='word_1_318' title='bbox 1679 5067 1753 5111; x_wconf 81' lang='lat' dir='ltr'>eoae.</span> <span class='ocrx_word' id='word_1_319' title='bbox 1801 5045 1854 5112; x_wconf 83' lang='lat' dir='ltr'>Ita</span> <span class='ocrx_word' id='word_1_320' title='bbox 1885 5047 2030 5112; x_wconf 84' lang='lat' dir='ltr'>Kritaius</span> 
     </span>
     <span class='ocr_line' id='line_1_32' title="bbox 373 5159 2006 5248; baseline -0.001 -22"><span class='ocrx_word' id='word_1_321' title='bbox 373 5159 415 5226; x_wconf 92' lang='lat' dir='ltr'>ad</span> <span class='ocrx_word' id='word_1_322' title='bbox 438 5183 465 5227; x_wconf 89' lang='lat' dir='ltr'>c.</span> <span class='ocrx_word' id='word_1_323' title='bbox 483 5163 540 5225; x_wconf 88' lang='grc'>17.</span> <span class='ocrx_word' id='word_1_324' title='bbox 563 5183 647 5226; x_wconf 87' lang='lat' dir='ltr'>anno</span> <span class='ocrx_word' id='word_1_325' title='bbox 673 5161 764 5226; x_wconf 86' lang='grc'>1865.</span> <span class='ocrx_word' id='word_1_326' title='bbox 786 5161 960 5245; x_wconf 85' lang='lat' dir='ltr'>iudicavit,</span> <span class='ocrx_word' id='word_1_327' title='bbox 984 5165 1079 5248; x_wconf 87' lang='lat' dir='ltr'>quasi</span> <span class='ocrx_word' id='word_1_328' title='bbox 1100 5185 1141 5229; x_wconf 90' lang='lat' dir='ltr'>ne</span> <span class='ocrx_word' id='word_1_329' title='bbox 1163 5163 1311 5229; x_wconf 79' lang='lat' dir='ltr'>Henaeni</span> <span class='ocrx_word' id='word_1_330' title='bbox 1334 5162 1466 5248; x_wconf 89' lang='lat' dir='ltr'>quidem</span> <span class='ocrx_word' id='word_1_331' title='bbox 1487 5161 1570 5226; x_wconf 89' lang='lat' dir='ltr'>liber</span> <span class='ocrx_word' id='word_1_332' title='bbox 1592 5168 1745 5226; x_wconf 85' lang='lat' dir='ltr'>exstaret</span> <span class='ocrx_word' id='word_1_333' title='bbox 1767 5161 1823 5243; x_wconf 81' lang='lat' dir='ltr'>(cf.</span> <span class='ocrx_word' id='word_1_334' title='bbox 1845 5181 1875 5224; x_wconf 84' lang='lat' dir='ltr'>ra</span> <span class='ocrx_word' id='word_1_335' title='bbox 1899 5161 2006 5242; x_wconf 84' lang='grc'>5418).</span> 
     </span>
     <span class='ocr_line' id='line_1_33' title="bbox 481 5271 2029 5366; baseline -0.001 -28"><span class='ocrx_word' id='word_1_336' title='bbox 481 5274 507 5358; x_wconf 80' lang='lat'>²)</span> <span class='ocrx_word' id='word_1_337' title='bbox 531 5274 618 5354; x_wconf 82' lang='lat' dir='ltr'>Quid</span> <span class='ocrx_word' id='word_1_338' title='bbox 641 5273 730 5359; x_wconf 92' lang='lat' dir='ltr'>quod</span> <span class='ocrx_word' id='word_1_339' title='bbox 751 5273 793 5340; x_wconf 87' lang='lat' dir='ltr'>ab</span> <span class='ocrx_word' id='word_1_340' title='bbox 815 5278 888 5362; x_wconf 88' lang='lat' dir='ltr'>ipso</span> <span class='ocrx_word' id='word_1_341' title='bbox 912 5280 1071 5366; x_wconf 87' lang='lat' dir='ltr'>scriptore</span> <span class='ocrx_word' id='word_1_342' title='bbox 1083 5277 1282 5364; x_wconf 87' lang='lat' dir='ltr'>Breuningio</span> <span class='ocrx_word' id='word_1_343' title='bbox 1304 5279 1435 5341; x_wconf 86' lang='lat' dir='ltr'>nomina</span> <span class='ocrx_word' id='word_1_344' title='bbox 1451 5273 1648 5340; x_wconf 82' lang='lat' dir='ltr'>Eleouoraru</span> <span class='ocrx_word' id='word_1_345' title='bbox 1671 5281 1705 5338; x_wconf 91' lang='lat' dir='ltr'>et</span> <span class='ocrx_word' id='word_1_346' title='bbox 1723 5271 1928 5338; x_wconf 80' lang='lat' dir='ltr'>Fidelionem</span> <span class='ocrx_word' id='word_1_347' title='bbox 1950 5293 2029 5358; x_wconf 91' lang='lat' dir='ltr'>per-</span> 
     </span>
    </p>
   </div>
   <div class='ocr_carea' id='block_1_6' title="bbox 374 5386 2030 5550">
    <p class='ocr_par' dir='ltr' id='par_1_6' title="bbox 374 5386 2030 5550">
     <span class='ocr_line' id='line_1_34' title="bbox 374 5386 2030 5475; baseline -0.001 -23"><span class='ocrx_word' id='word_1_348' title='bbox 374 5395 499 5452; x_wconf 85' lang='lat' dir='ltr'>mutata</span> <span class='ocrx_word' id='word_1_349' title='bbox 520 5407 595 5453; x_wconf 89' lang='lat' dir='ltr'>esse</span> <span class='ocrx_word' id='word_1_350' title='bbox 617 5391 751 5474; x_wconf 89' lang='lat' dir='ltr'>egregie</span> <span class='ocrx_word' id='word_1_351' title='bbox 773 5409 878 5475; x_wconf 87' lang='lat' dir='ltr'>nuper</span> <span class='ocrx_word' id='word_1_352' title='bbox 900 5389 1137 5456; x_wconf 82' lang='lat' dir='ltr'>demonstrarit</span> <span class='ocrx_word' id='word_1_353' title='bbox 1160 5389 1197 5454; x_wconf 89' lang='grc'>0.</span> <span class='ocrx_word' id='word_1_354' title='bbox 1212 5389 1338 5454; x_wconf 72' lang='lat' dir='ltr'>ratam</span> <span class='ocrx_word' id='word_1_355' title='bbox 1359 5386 1603 5469; x_wconf 82' lang='lat' dir='ltr'>(musilraliscbe</span> <span class='ocrx_word' id='word_1_356' title='bbox 1622 5387 1784 5452; x_wconf 70' lang='lat' dir='ltr'>Auream</span> <span class='ocrx_word' id='word_1_357' title='bbox 1804 5408 1835 5472; x_wconf 91' lang='lat' dir='ltr'>p.</span> <span class='ocrx_word' id='word_1_358' title='bbox 1848 5386 1910 5452; x_wconf 77' lang='lat'>237</span> <span class='ocrx_word' id='word_1_359' title='bbox 1933 5387 2030 5472; x_wconf 82' lang='lat' dir='ltr'>sqq).</span> 
     </span>
     <span class='ocr_line' id='line_1_35' title="bbox 1817 5499 1852 5550; baseline 0 -16"><span class='ocrx_word' id='word_1_360' title='bbox 1817 5499 1852 5550; x_wconf 65' lang='lat'>30</span> 
     </span>
    </p>
   </div>
   <div class='ocr_carea' id='block_1_7' title="bbox 0 0 2674 6738">
    <p class='ocr_par' dir='ltr' id='par_1_7' title="bbox 0 0 2674 6738">
     <span class='ocr_line' id='line_1_36' title="bbox 0 0 2674 6738; baseline 0 0"><span class='ocrx_word' id='word_1_361' title='bbox 0 0 2674 6738; x_wconf 95' lang='lat' dir='ltr'> </span> 
     </span>
    </p>
   </div>
  </div>
 </body>
</html>
